@article{karp1975computational,
  title={On the computational complexity of combinatorial problems},
  author={Karp, Richard M},
  journal={Networks},
  volume={5},
  number={1},
  pages={45--68},
  year={1975},
  publisher={Wiley-Interscience}
}

@article{fischer2013virtual,
  title={Virtual network embedding: A survey},
  author={Fischer, Andreas and Botero, Juan Felipe and Beck, Michael Till and De Meer, Hermann and Hesselbach, Xavier},
  journal={IEEE Communications Surveys \& Tutorials},
  volume={15},
  number={4},
  pages={1888--1906},
  year={2013},
  publisher={IEEE}
}

@article{wood1987theory,
  title={Theory of computation},
  author={Wood, Derick and Wood, Derrick},
  year={1987},
  publisher={Harper \& Row New York}
}

@inproceedings{lischka2009virtual,
  title={A virtual network mapping algorithm based on subgraph isomorphism detection},
  author={Lischka, Jens and Karl, Holger},
  booktitle={Proceedings of the 1st ACM workshop on Virtualized infrastructure systems and architectures},
  pages={81--88},
  year={2009},
  organization={ACM}
}

@article{fischer2013virtual,
  title={Virtual network embedding: A survey},
  author={Fischer, Andreas and Botero, Juan Felipe and Beck, Michael Till and De Meer, Hermann and Hesselbach, Xavier},
  journal={IEEE Communications Surveys \& Tutorials},
  volume={15},
  number={4},
  pages={1888--1906},
  year={2013},
  publisher={IEEE}
}

@article{qu2016delay,
  title={Delay-aware scheduling and resource optimization with network function virtualization},
  author={Qu, Long and Assi, Chadi and Shaban, Khaled},
  journal={IEEE Transactions on Communications},
  volume={64},
  number={9},
  pages={3746--3758},
  year={2016},
  publisher={IEEE}
}

@inproceedings{koponen2014network,
  title={Network Virtualization in Multi-tenant Datacenters.},
  author={Koponen, Teemu and Amidon, Keith and Balland, Peter and Casado, Mart{\'\i}n and Chanda, Anupam and Fulton, Bryan and Ganichev, Igor and Gross, Jesse and Ingram, Paul and Jackson, Ethan J and others},
  booktitle={NSDI},
  volume={14},
  pages={203--216},
  year={2014}
}

@inproceedings{gill2011understanding,
  title={Understanding network failures in data centers: measurement, analysis, and implications},
  author={Gill, Phillipa and Jain, Navendu and Nagappan, Nachiappan},
  booktitle={ACM SIGCOMM Computer Communication Review},
  volume={41},
  number={4},
  pages={350--361},
  year={2011},
  organization={ACM}
}
@inproceedings{markopoulou2004characterization,
  title={Characterization of failures in an IP backbone},
  author={Markopoulou, Athina and Iannaccone, Gianluca and Bhattacharyya, Supratik and Chuah, Chen-Nee and Diot, Christophe},
  booktitle={INFOCOM 2004. Twenty-third AnnualJoint Conference of the IEEE Computer and Communications Societies},
  volume={4},
  pages={2307--2317},
  year={2004},
  organization={IEEE}
}

@article{ramamurthy2003survivable,
  title={Survivable WDM mesh networks},
  author={Ramamurthy, S and Sahasrabuddhe, Laxman and Mukherjee, Biswanath},
  journal={Journal of Lightwave Technology},
  volume={21},
  number={4},
  pages={870},
  year={2003},
  publisher={IEEE}
}

@article{lu2006efficient,
  title={Efficient mapping of virtual networks onto a shared substrate},
  author={Lu, Jing and Turner, Jonathan},
  year={2006}
}

@article{dutt1997node,
  title={Node-covering, error-correcting codes and multiprocessors with very high average fault tolerance},
  author={Dutt, Shantanu and Mahapatra, Nihar R},
  journal={IEEE Transactions on Computers},
  volume={46},
  number={9},
  pages={997--1015},
  year={1997},
  publisher={IEEE}
}

@inproceedings{ajtai1992fault,
  title={Fault tolerant graphs, perfect hash functions and disjoint paths},
  author={Ajtai, Mikl{\'o}s and Alon, Noga and Bruck, Jehoshua and Cypher, Robert and Ho, Ching-Tien and Naor, Moni and Szemer{\'e}di, Endre},
  booktitle={Foundations of Computer Science, 1992. Proceedings., 33rd Annual Symposium on},
  pages={693--702},
  year={1992},
  organization={IEEE}
}

@inproceedings{yeow2011highly,
  title={Highly available virtual machines with network coding},
  author={Yeow, Wai-Leong and Westphal, C{\'e}dric and Kozat, Ula{\c{s}} C},
  booktitle={INFOCOM, 2011 Proceedings IEEE},
  pages={386--390},
  year={2011},
  organization={IEEE}
}
@article{dimakis2006decentralized,
  title={Decentralized erasure codes for distributed networked storage},
  author={Dimakis, Alexandros G and Prabhakaran, Vinod and Ramchandran, Kannan},
  journal={IEEE/ACM Transactions on Networking (TON)},
  volume={14},
  number={SI},
  pages={2809--2816},
  year={2006},
  publisher={IEEE Press}
}

@article{chang2008bigtable,
  title={Bigtable: A distributed storage system for structured data},
  author={Chang, Fay and Dean, Jeffrey and Ghemawat, Sanjay and Hsieh, Wilson C and Wallach, Deborah A and Burrows, Mike and Chandra, Tushar and Fikes, Andrew and Gruber, Robert E},
  journal={ACM Transactions on Computer Systems (TOCS)},
  volume={26},
  number={2},
  pages={4},
  year={2008},
  publisher={ACM}
}
@inproceedings{kangarlou2009vnsnap,
  title={Vnsnap: Taking snapshots of virtual networked environments with minimal downtime},
  author={Kangarlou, Ardalan and Eugster, Patrick and Xu, Dongyan},
  booktitle={Dependable Systems \& Networks, 2009. DSN'09. IEEE/IFIP International Conference on},
  pages={524--533},
  year={2009},
  organization={IEEE}
}

@inproceedings{tamura2008kemari,
  title={Kemari: Virtual machine synchronization for fault tolerance},
  author={Tamura, Yoshiaki and Sato, Koji and Kihara, Seiji and Moriai, Satoshi},
  booktitle={Proc. USENIX Annu. Tech. Conf.(Poster Session)},
  year={2008},
  organization={Citeseer}
}

@inproceedings{cully2008remus,
  title={Remus: High availability via asynchronous virtual machine replication},
  author={Cully, Brendan and Lefebvre, Geoffrey and Meyer, Dutch and Feeley, Mike and Hutchinson, Norm and Warfield, Andrew},
  booktitle={Proceedings of the 5th USENIX Symposium on Networked Systems Design and Implementation},
  pages={161--174},
  year={2008},
  organization={San Francisco}
}
@article{bressoud1996hypervisor,
  title={Hypervisor-based fault tolerance},
  author={Bressoud, Thomas C and Schneider, Fred B},
  journal={ACM Transactions on Computer Systems (TOCS)},
  volume={14},
  number={1},
  pages={80--107},
  year={1996},
  publisher={ACM}
}
@inproceedings{wang2008virtual,
  title={Virtual routers on the move: live router migration as a network-management primitive},
  author={Wang, Yi and Keller, Eric and Biskeborn, Brian and Van Der Merwe, Jacobus and Rexford, Jennifer},
  booktitle={ACM SIGCOMM Computer Communication Review},
  volume={38},
  number={4},
  pages={231--242},
  year={2008},
  organization={ACM}
}
@article{guo2009bcube,
  title={BCube: a high performance, server-centric network architecture for modular data centers},
  author={Guo, Chuanxiong and Lu, Guohan and Li, Dan and Wu, Haitao and Zhang, Xuan and Shi, Yunfeng and Tian, Chen and Zhang, Yongguang and Lu, Songwu},
  journal={ACM SIGCOMM Computer Communication Review},
  volume={39},
  number={4},
  pages={63--74},
  year={2009},
  publisher={ACM}
}

@inproceedings{bhatia2008trellis,
  title={Trellis: A platform for building flexible, fast virtual networks on commodity hardware},
  author={Bhatia, Sapan and Motiwala, Murtaza and Muhlbauer, Wolfgang and Mundada, Yogesh and Valancius, Vytautas and Bavier, Andy and Feamster, Nick and Peterson, Larry and Rexford, Jennifer},
  booktitle={Proceedings of the 2008 ACM CoNEXT Conference},
  pages={72},
  year={2008},
  organization={ACM}
}

@article{chowdhury2009network,
  title={Network virtualization: state of the art and research challenges},
  author={Chowdhury, NM Mosharaf Kabir and Boutaba, Raouf},
  journal={IEEE Communications magazine},
  volume={47},
  number={7},
  year={2009},
  publisher={IEEE}
}

@article{sanfeliu1983distance,
  title={A distance measure between attributed relational graphs for pattern recognition},
  author={Sanfeliu, Alberto and Fu, King-Sun},
  journal={IEEE transactions on systems, man, and cybernetics},
  number={3},
  pages={353--362},
  year={1983},
  publisher={IEEE}
}

@book{cormen2009introduction,
  title={Introduction to algorithms},
  author={Cormen, Thomas H},
  year={2009},
  publisher={MIT press}
}

@article{yu2008rethinking,
  title={Rethinking virtual network embedding: substrate support for path splitting and migration},
  author={Yu, Minlan and Yi, Yung and Rexford, Jennifer and Chiang, Mung},
  journal={ACM SIGCOMM Computer Communication Review},
  volume={38},
  number={2},
  pages={17--29},
  year={2008},
  publisher={ACM}
}
@article{zhang2013effective,
  title={An effective network traffic classification method with unknown flow detection},
  author={Zhang, Jun and Chen, Chao and Xiang, Yang and Zhou, Wanlei and Vasilakos, Athanasios V},
  journal={IEEE Transactions on Network and Service Management},
  volume={10},
  number={2},
  pages={133--147},
  year={2013},
  publisher={IEEE}
}

@article{papagianni2013optimal,
  title={On the optimal allocation of virtual resources in cloud computing networks},
  author={Papagianni, Chrysa and Leivadeas, Aris and Papavassiliou, Symeon and Maglaris, Vasilis and Cervello-Pastor, Cristina and Monje, Alvaro},
  journal={IEEE Transactions on Computers},
  volume={62},
  number={6},
  pages={1060--1071},
  year={2013},
  publisher={IEEE}
}

@article{yeow2011designing,
  title={Designing and embedding reliable virtual infrastructures},
  author={Yeow, Wai-Leong and Westphal, C{\'e}dric and Kozat, Ulas C},
  journal={ACM SIGCOMM Computer Communication Review},
  volume={41},
  number={2},
  pages={57--64},
  year={2011},
  publisher={ACM}
}

@techreport{armbrust2009above,
  title={Above the clouds: A berkeley view of cloud computing},
  author={Armbrust, Michael and Fox, Armando and Griffith, Rean and Joseph, Anthony D and Katz, Randy H and Konwinski, Andrew and Lee, Gunho and Patterson, David A and Rabkin, Ariel and Stoica, Ion and others},
  year={2009},
  institution={Technical Report UCB/EECS-2009-28, EECS Department, University of California, Berkeley}
}

@inproceedings{yu2010survivable,
  title={Survivable virtual infrastructure mapping in a federated computing and networking system under single regional failures},
  author={Yu, Hongfang and Qiao, Chunming and Anand, Vishal and Liu, Xin and Di, Hao and Sun, Gang},
  booktitle={Global Telecommunications Conference (GLOBECOM 2010), 2010 IEEE},
  pages={1--6},
  year={2010},
  organization={IEEE}
}
@inproceedings{chen2010resilient,
  title={Resilient virtual network service provision in network virtualization environments},
  author={Chen, Yang and Li, Jianxin and Wo, Tianyu and Hu, Chunming and Liu, Wantao},
  booktitle={Parallel and Distributed Systems (ICPADS), 2010 IEEE 16th International Conference on},
  pages={51--58},
  year={2010},
  organization={IEEE}
}
@article{justice2006binary,
  title={A binary linear programming formulation of the graph edit distance},
  author={Justice, Derek and Hero, Alfred},
  journal={IEEE Transactions on Pattern Analysis and Machine Intelligence},
  volume={28},
  number={8},
  pages={1200--1214},
  year={2006},
  publisher={IEEE}
}

@inproceedings{guo2011shared,
  title={Shared backup network provision for virtual network embedding},
  author={Guo, Tao and Wang, Ning and Moessner, Klaus and Tafazolli, Rahim},
  booktitle={Communications (ICC), 2011 IEEE International Conference on},
  pages={1--5},
  year={2011},
  organization={IEEE}
}

@article{rahman2013svne,
  title={SVNE: Survivable virtual network embedding algorithms for network virtualization},
  author={Rahman, Muntasir Raihan and Boutaba, Raouf},
  journal={IEEE Transactions on Network and Service Management},
  volume={10},
  number={2},
  pages={105--118},
  year={2013},
  publisher={IEEE}
}

@inproceedings{rahman2010survivable,
  title={Survivable virtual network embedding.},
  author={Rahman, Muntasir Raihan and Aib, Issam and Boutaba, Raouf},
  booktitle={Networking},
  volume={6091},
  pages={40--52},
  year={2010},
  organization={Springer}
}

@inproceedings{xu2012survivable,
  title={Survivable virtual infrastructure mapping in virtualized data centers},
  author={Xu, Jielong and Tang, Jian and Kwiat, Kevin and Zhang, Weiyi and Xue, Guoliang},
  booktitle={Cloud Computing (CLOUD), 2012 IEEE 5th International Conference on},
  pages={196--203},
  year={2012},
  organization={IEEE}
}

@inproceedings{zegura1996model,
  title={How to model an internetwork},
  author={Zegura, Ellen W and Calvert, Kenneth L and Bhattacharjee, Samrat},
  booktitle={INFOCOM'96. Fifteenth Annual Joint Conference of the IEEE Computer Societies. Networking the Next Generation. Proceedings IEEE},
  volume={2},
  pages={594--602},
  year={1996},
  organization={IEEE}
}

@article{chvatal1979greedy,
  title={A greedy heuristic for the set-covering problem},
  author={Chvatal, Vasek},
  journal={Mathematics of operations research},
  volume={4},
  number={3},
  pages={233--235},
  year={1979},
  publisher={INFORMS}
}

@inproceedings{yu2010survivable,
  title={Survivable virtual infrastructure mapping in a federated computing and networking system under single regional failures},
  author={Yu, Hongfang and Qiao, Chunming and Anand, Vishal and Liu, Xin and Di, Hao and Sun, Gang},
  booktitle={Global Telecommunications Conference (GLOBECOM 2010), 2010 IEEE},
  pages={1--6},
  year={2010},
  organization={IEEE}
}


@book{bryant2003computer,
  title={Computer systems: a programmer's perspective},
  author={Bryant, Randal and David Richard, O'Hallaron and David Richard, O'Hallaron},
  volume={2},
  year={2003},
  publisher={Prentice Hall Upper Saddle River}
}

@article{harary1996node,
  title={Node fault tolerance in graphs},
  author={Harary, Frank and Hayes, John P},
  journal={Networks},
  volume={27},
  number={1},
  pages={19--23},
  year={1996},
  publisher={Wiley Online Library}
}

@article{ullmann1976algorithm,
  title={An algorithm for subgraph isomorphism},
  author={Ullmann, Julian R},
  journal={Journal of the ACM (JACM)},
  volume={23},
  number={1},
  pages={31--42},
  year={1976},
  publisher={ACM}
}

@book{schrijver1998theory,
  title={Theory of linear and integer programming},
  author={Schrijver, Alexander},
  year={1998},
  publisher={John Wiley \& Sons}
}

@book{cormen2009introduction,
  title={Introduction to algorithms},
  author={Cormen, Thomas H},
  year={2009},
  publisher={MIT press}
}

@book{west2001introduction,
  title={Introduction to graph theory},
  author={West, Douglas Brent and others},
  volume={2},
  year={2001},
  publisher={Prentice hall Upper Saddle River}
}

@article{bressoud1996hypervisor,
  title={Hypervisor-based fault tolerance},
  author={Bressoud, Thomas C and Schneider, Fred B},
  journal={ACM Transactions on Computer Systems (TOCS)},
  volume={14},
  number={1},
  pages={80--107},
  year={1996},
  publisher={ACM}
}

@inproceedings{cully2008remus,
  title={Remus: High availability via asynchronous virtual machine replication},
  author={Cully, Brendan and Lefebvre, Geoffrey and Meyer, Dutch and Feeley, Mike and Hutchinson, Norm and Warfield, Andrew},
  booktitle={Proceedings of the 5th USENIX Symposium on Networked Systems Design and Implementation},
  pages={161--174},
  year={2008},
  organization={San Francisco}
}

@inproceedings{clark2005live,
  title={Live migration of virtual machines},
  author={Clark, Christopher and Fraser, Keir and Hand, Steven and Hansen, Jacob Gorm and Jul, Eric and Limpach, Christian and Pratt, Ian and Warfield, Andrew},
  booktitle={Proceedings of the 2nd Conference on Symposium on Networked Systems Design \& Implementation-Volume 2},
  pages={273--286},
  year={2005},
  organization={USENIX Association}
}

@inproceedings{wang2008virtual,
  title={Virtual routers on the move: live router migration as a network-management primitive},
  author={Wang, Yi and Keller, Eric and Biskeborn, Brian and van der Merwe, Jacobus and Rexford, Jennifer},
  booktitle={ACM SIGCOMM Computer Communication Review},
  volume={38},
  number={4},
  pages={231--242},
  year={2008},
  organization={ACM}
}
@article{yeow2011designing,
  title={Designing and embedding reliable virtual infrastructures},
  author={Yeow, Wai-Leong and Westphal, C{\'e}dric and Kozat, Ulas C},
  journal={ACM SIGCOMM Computer Communication Review},
  volume={41},
  number={2},
  pages={57--64},
  year={2011},
  publisher={ACM}
}


@inproceedings{bhandari1994optimal,
  title={Optimal diverse routing in telecommunication fiber networks},
  author={Bhandari, Ramesh},
  booktitle={INFOCOM'94. Networking for Global Communications., 13th Proceedings IEEE},
  pages={1498--1508},
  year={1994},
  organization={IEEE}
}

@article{coudert2007shared,
  title={Shared risk resource group complexity and approximability issues},
  author={Coudert, David and Datta, Pallab and P{\'e}rennes, St{\'e}phane and Rivano, Herv{\'e} and Voge, M-E},
  journal={Parallel Processing Letters},
  volume={17},
  number={02},
  pages={169--184},
  year={2007},
  publisher={World Scientific}
}
@inproceedings{xu2002ultra,
  title={An ultra-fast shared path protection scheme-distributed partial information management, Part II},
  author={Xu, Dahai and Qiao, Chunming and Xiong, Yizhi},
  booktitle={Network Protocols, 2002. Proceedings. 10th IEEE International Conference on},
  pages={344--353},
  year={2002},
  organization={IEEE}
}
@inproceedings{sebos2001auto,
  title={Auto-discovery of shared risk link groups},
  author={Sebos, Panagiotis and Yates, Jennifer and Hjalmtysson, Gisli and Greenberg, Albert},
  booktitle={Optical Fiber Communication Conference and Exhibit, 2001. OFC 2001},
  volume={3},
  pages={WDD3--WDD3},
  year={2001},
  organization={IEEE}
}
