@inproceedings{walfish2004middleboxes,
  title={Middleboxes No Longer Considered Harmful.},
  author={Walfish, Michael and Stribling, Jeremy and Krohn, Maxwell N and Balakrishnan, Hari and Morris, Robert and Shenker, Scott},
  booktitle={OSDI},
  volume={4},
  pages={15--15},
  year={2004}
}
@inproceedings{zhang2011overlay,
  title={An overlay mapping model for achieving enhanced QoS and resilience performance},
  author={Zhang, Xian and Phillips, Chris and Chen, Xiuzhong},
  booktitle={Ultra Modern Telecommunications and Control Systems and Workshops (ICUMT), 2011 3rd International Congress on},
  pages={1--7},
  year={2011},
  organization={IEEE}
}
@inproceedings{zhang2011overlay,
  title={An overlay mapping model for achieving enhanced QoS and resilience performance},
  author={Zhang, Xian and Phillips, Chris and Chen, Xiuzhong},
  booktitle={Ultra Modern Telecommunications and Control Systems and Workshops (ICUMT), 2011 3rd International Congress on},
  pages={1--7},
  year={2011},
  organization={IEEE}
}
@inproceedings{shamsi2009qosmap,
  title={QoSMap: Achieving quality and resilience through overlay construction},
  author={Shamsi, Jawwad and Brockmeyer, Monica},
  booktitle={Internet and Web Applications and Services, 2009. ICIW'09. Fourth International Conference on},
  pages={58--67},
  year={2009},
  organization={IEEE}
}

@inproceedings{schaffrath2009network,
  title={Network virtualization architecture: Proposal and initial prototype},
  author={Schaffrath, Gregor and Werle, Christoph and Papadimitriou, Panagiotis and Feldmann, Anja and Bless, Roland and Greenhalgh, Adam and Wundsam, Andreas and Kind, Mario and Maennel, Olaf and Mathy, Laurent},
  booktitle={Proceedings of the 1st ACM workshop on Virtualized infrastructure systems and architectures},
  pages={63--72},
  year={2009},
  organization={ACM}
}
@article{chowdhury2010survey,
  title={A survey of network virtualization},
  author={Chowdhury, NM Mosharaf Kabir and Boutaba, Raouf},
  journal={Computer Networks},
  volume={54},
  number={5},
  pages={862--876},
  year={2010},
  publisher={Elsevier}
}
@article{chowdhury2009network,
  title={Network virtualization: state of the art and research challenges},
  author={Chowdhury, NM Mosharaf Kabir and Boutaba, Raouf},
  journal={IEEE Communications magazine},
  volume={47},
  number={7},
  year={2009},
  publisher={IEEE}
}
@inproceedings{chiosi2012network,
  title={Network functions virtualisation: An introduction, benefits, enablers, challenges and call for action},
  author={Chiosi, Margaret and Clarke, Don and Willis, Peter and Reid, Andy and Feger, James and Bugenhagen, Michael and Khan, Waqar and Fargano, Michael and Cui, Chunfeng and Deng, Hui and others},
  booktitle={SDN and OpenFlow World Congress},
  pages={22--24},
  year={2012}
}
@article{yue2013network,
  title={Network functions virtualization-everything old is new again},
  author={Yue, Frank},
  journal={F5 Neworks},
  year={2013}
}
@inproceedings{manzalini2014software,
  title={Software-defined networks for future networks and services},
  author={Manzalini, Antonio and Saracco, Roberto and Buyukkoc, Cagatay and Chemouil, Prosper and Kuklinski, Slawomir and Gladisch, Andreas and Fukui, Masaki and Dekel, E and Soldani, D and Ulema, M and others},
  booktitle={White Paper based on the IEEE Workshop SDN4FNS},
  year={2014}
}
@article{yeganeh2013scalability,
  title={On scalability of software-defined networking},
  author={Yeganeh, Soheil Hassas and Tootoonchian, Amin and Ganjali, Yashar},
  journal={IEEE Communications Magazine},
  volume={51},
  number={2},
  pages={136--141},
  year={2013},
  publisher={Ieee}
}
@article{ge20145g,
  title={5G wireless backhaul networks: challenges and research advances},
  author={Ge, Xiaohu and Cheng, Hui and Guizani, Mohsen and Han, Tao},
  journal={IEEE Network},
  volume={28},
  number={6},
  pages={6--11},
  year={2014},
  publisher={IEEE}
}
@article{friis2009service,
  title={Service chaining architectures for applications implementing distributed geographic information processing},
  author={Friis-Christensen, Anders and Lucchi, Roberto and Lutz, Michael and Ostl{\"a}nder, Nicole},
  journal={International Journal of Geographical Information Science},
  volume={23},
  number={5},
  pages={561--580},
  year={2009},
  publisher={Taylor \& Francis}
}
@article{lemmens2007enhancing,
  title={Enhancing Geo-Service Chaining through Deep Service Descriptions},
  author={Lemmens, Rob and De By, Rolf and Gould, Michael and Wytzisk, Andreas and Granell, Carlos and Van Oosterom, Peter},
  journal={Transactions in GIS},
  volume={11},
  number={6},
  pages={849--871},
  year={2007},
  publisher={Wiley Online Library}
}

@article{greenberg2005clean,
  title={A clean slate 4D approach to network control and management},
  author={Greenberg, Albert and Hjalmtysson, Gisli and Maltz, David A and Myers, Andy and Rexford, Jennifer and Xie, Geoffrey and Yan, Hong and Zhan, Jibin and Zhang, Hui},
  journal={ACM SIGCOMM Computer Communication Review},
  volume={35},
  number={5},
  pages={41--54},
  year={2005},
  publisher={ACM}
}
@techreport{tschudin2001selnet,
  title={Selnet: A translating underlay network},
  author={Tschudin, Christian and Gold, Richard},
  year={2001},
  institution={Tech. Rep. 2003-020, Uppsala University, Uppsala, Sweden}
}
@inproceedings{joseph2008policy,
  title={A policy-aware switching layer for data centers},
  author={Joseph, Dilip A and Tavakoli, Arsalan and Stoica, Ion},
  booktitle={ACM SIGCOMM Computer Communication Review},
  volume={38},
  number={4},
  pages={51--62},
  year={2008},
  organization={ACM}
}
@article{chowdhury2009network,
  title={Network virtualization: state of the art and research challenges},
  author={Chowdhury, NM Mosharaf Kabir and Boutaba, Raouf},
  journal={IEEE Communications magazine},
  volume={47},
  number={7},
  year={2009},
  publisher={IEEE}
}
@article{fischer2013virtual,
  title={Virtual network embedding: A survey},
  author={Fischer, Andreas and Botero, Juan Felipe and Beck, Michael Till and De Meer, Hermann and Hesselbach, Xavier},
  journal={IEEE Communications Surveys \& Tutorials},
  volume={15},
  number={4},
  pages={1888--1906},
  year={2013},
  publisher={IEEE}
}
@inproceedings{chowdhury2009virtual,
  title={Virtual network embedding with coordinated node and link mapping},
  author={Chowdhury, NM Mosharaf Kabir and Rahman, Muntasir Raihan and Boutaba, Raouf},
  booktitle={INFOCOM 2009, IEEE},
  pages={783--791},
  year={2009},
  organization={IEEE}
}
@article{cheng2011virtual,
  title={Virtual network embedding through topology-aware node ranking},
  author={Cheng, Xiang and Su, Sen and Zhang, Zhongbao and Wang, Hanchi and Yang, Fangchun and Luo, Yan and Wang, Jie},
  journal={ACM SIGCOMM Computer Communication Review},
  volume={41},
  number={2},
  pages={38--47},
  year={2011},
  publisher={ACM}
}
@inproceedings{rahman2010survivable,
  title={Survivable virtual network embedding},
  author={Rahman, Muntasir Raihan and Aib, Issam and Boutaba, Raouf},
  booktitle={International Conference on Research in Networking},
  pages={40--52},
  year={2010},
  organization={Springer}
}

@inproceedings{hu2012location,
  title={Location-constrained survivable network virtualization},
  author={Hu, Qian and Wang, Yang and Cao, Xiaojun},
  booktitle={Sarnoff Symposium (SARNOFF), 2012 35th IEEE},
  pages={1--5},
  year={2012},
  organization={IEEE}
}
@inproceedings{qiang2014heuristic,
  title={Heuristic survivable virtual network embedding based on node migration and link remapping},
  author={Qiang, Zhu and Qiang, WangHui and Sheng, FengGuang and Wu, LvHong},
  booktitle={Information Technology and Artificial Intelligence Conference (ITAIC), 2014 IEEE 7th Joint International},
  pages={181--185},
  year={2014},
  organization={IEEE}
}
@article{bo2014dynamic,
  title={Dynamic recovery for survivable virtual network embedding},
  author={Bo, LU and Huang, Tao and SUN, Xiao-chuan and CHEN, Jian-ya and LIU, Yun-jie},
  journal={The Journal of China Universities of Posts and Telecommunications},
  volume={21},
  number={3},
  pages={77--84},
  year={2014},
  publisher={Elsevier}
}

@inproceedings{sun2010efficient,
  title={Efficient algorithms for survivable virtual network embedding},
  author={Sun, Gang and Yu, Hongfang and Li, Lemin and Anand, Vishal and Di, Hao and Gao, Xiujiao},
  booktitle={Asia Communications and Photonics Conference and Exhibition},
  pages={79890K},
  year={2010},
  organization={Optical Society of America}
}
@article{wang2014survivable,
  title={Survivable virtual network mapping using optimal backup topology in virtualized SDN},
  author={Wang, Zhiming and Wu, Jiangxing and Wang, Yu and Qi, Ning and Lan, Julong},
  journal={China communications},
  volume={11},
  number={2},
  pages={26--37},
  year={2014},
  publisher={IEEE}
}
@inproceedings{yu2011cost,
  title={Cost efficient design of survivable virtual infrastructure to recover from facility node failures},
  author={Yu, Hongfang and Anand, Vishal and Qiao, Chunming and Sun, Gang},
  booktitle={Communications (ICC), 2011 IEEE International Conference on},
  pages={1--6},
  year={2011},
  organization={IEEE}
}
@inproceedings{yu2010survivable,
  title={Survivable virtual infrastructure mapping in a federated computing and networking system under single regional failures},
  author={Yu, Hongfang and Qiao, Chunming and Anand, Vishal and Liu, Xin and Di, Hao and Sun, Gang},
  booktitle={Global Telecommunications Conference (GLOBECOM 2010), 2010 IEEE},
  pages={1--6},
  year={2010},
  organization={IEEE}
}
@inproceedings{hu2012location,
  title={Location-constrained survivable network virtualization},
  author={Hu, Qian and Wang, Yang and Cao, Xiaojun},
  booktitle={Sarnoff Symposium (SARNOFF), 2012 35th IEEE},
  pages={1--5},
  year={2012},
  organization={IEEE}
}
@inproceedings{yeow2010designing,
  title={Designing and embedding reliable virtual infrastructures},
  author={Yeow, Wai-Leong and Westphal, C{\'e}dric and Kozat, Ula{\c{s}}},
  booktitle={Proceedings of the second ACM SIGCOMM workshop on Virtualized infrastructure systems and architectures},
  pages={33--40},
  year={2010},
  organization={ACM}
}
@inproceedings{xu2012survivable,
  title={Survivable virtual infrastructure mapping in virtualized data centers},
  author={Xu, Jielong and Tang, Jian and Kwiat, Kevin and Zhang, Weiyi and Xue, Guoliang},
  booktitle={Cloud Computing (CLOUD), 2012 IEEE 5th International Conference on},
  pages={196--203},
  year={2012},
  organization={IEEE}
}
@article{amaldi2016computational,
  title={On the computational complexity of the virtual network embedding problem},
  author={Amaldi, Edoardo and Coniglio, Stefano and Koster, Arie MCA and Tieves, Martin},
  journal={Electronic Notes in Discrete Mathematics},
  volume={52},
  pages={213--220},
  year={2016},
  publisher={Elsevier}
}

@inproceedings{houidi2010adaptive,
  title={Adaptive virtual network provisioning},
  author={Houidi, Ines and Louati, Wajdi and Zeghlache, Djamal and Papadimitriou, Panagiotis and Mathy, Laurent},
  booktitle={Proceedings of the second ACM SIGCOMM workshop on Virtualized infrastructure systems and architectures},
  pages={41--48},
  year={2010},
  organization={ACM}
}

@inproceedings{qiao2011novel,
  title={A novel two-step approach to surviving facility failures},
  author={Qiao, Chunming and Guo, Bingli and Huang, Shanguo and Wang, Jianping and Wang, Ting and Gu, Wanyi},
  booktitle={Optical Fiber Communication Conference and Exposition (OFC/NFOEC), 2011 and the National Fiber Optic Engineers Conference},
  pages={1--3},
  year={2011},
  organization={IEEE}
}
@inproceedings{yu2011migration,
  title={Migration based protection for virtual infrastructure survivability for link failure},
  author={Yu, Hongfang and Anand, Vishal and Qiao, Chunming and Di, Hao},
  booktitle={Optical Fiber Communication Conference and Exposition (OFC/NFOEC), 2011 and the National Fiber Optic Engineers Conference},
  pages={1--3},
  year={2011},
  organization={IEEE}
}

@inproceedings{guo2011shared,
  title={Shared backup network provision for virtual network embedding},
  author={Guo, Tao and Wang, Ning and Moessner, Klaus and Tafazolli, Rahim},
  booktitle={Communications (ICC), 2011 IEEE International Conference on},
  pages={1--5},
  year={2011},
  organization={IEEE}
}

@article{rahman2013svne,
  title={SVNE: Survivable virtual network embedding algorithms for network virtualization},
  author={Rahman, Muntasir Raihan and Boutaba, Raouf},
  journal={IEEE Transactions on Network and Service Management},
  volume={10},
  number={2},
  pages={105--118},
  year={2013},
  publisher={IEEE}
}
@inproceedings{herker2013survey,
  title={Survey on survivable virtual network embedding problem and solutions},
  author={Herker, Sandra and Khan, Ashiq and An, Xueli},
  booktitle={International Conference on Networking and Services, ICNS},
  year={2013}
}
@article{bhardwaj2010cloud,
  title={Cloud computing: A study of infrastructure as a service (IAAS)},
  author={Bhardwaj, Sushil and Jain, Leena and Jain, Sandeep},
  journal={International Journal of engineering and information Technology},
  volume={2},
  number={1},
  pages={60--63},
  year={2010}
}
@inproceedings{schaffrath2009network,
  title={Network virtualization architecture: Proposal and initial prototype},
  author={Schaffrath, Gregor and Werle, Christoph and Papadimitriou, Panagiotis and Feldmann, Anja and Bless, Roland and Greenhalgh, Adam and Wundsam, Andreas and Kind, Mario and Maennel, Olaf and Mathy, Laurent},
  booktitle={Proceedings of the 1st ACM workshop on Virtualized infrastructure systems and architectures},
  pages={63--72},
  year={2009},
  organization={ACM}
}
@incollection{infuhr2011introducing,
  title={Introducing the virtual network mapping problem with delay, routing and location constraints},
  author={Inf{\"u}hr, Johannes and Raidl, G{\"u}nther R},
  booktitle={Network optimization},
  pages={105--117},
  year={2011},
  publisher={Springer}
}
@inproceedings{liu2011completing,
  title={Completing virtual network embedding all in one mathematical programming},
  author={Liu, Wenzhi and Xiang, Yang and Ma, Shaowu and Tang, Xiongyan},
  booktitle={Electronics, Communications and Control (ICECC), 2011 International Conference on},
  pages={183--185},
  year={2011},
  organization={IEEE}
}
@inproceedings{trinh2011quality,
  title={Quality of service using careful overbooking for optimal virtual network resource allocation},
  author={Trinh, Tri and Esaki, Hiroshi and Aswakul, Chaodit},
  booktitle={Electrical Engineering/Electronics, Computer, Telecommunications and Information Technology (ECTI-CON), 2011 8th International Conference on},
  pages={296--299},
  year={2011},
  organization={IEEE}
}
@article{pages2012strategies,
  title={Strategies for virtual optical network allocation},
  author={Pages, Albert and Perello, Jordi and Spadaro, Salvatore and Junyent, Gabriel},
  journal={IEEE Communications Letters},
  volume={16},
  number={2},
  pages={268--271},
  year={2012},
  publisher={IEEE}
}
@inproceedings{ghazar2011hierarchical,
  title={Hierarchical approach for efficient virtual network embedding based on exact subgraph matching},
  author={Ghazar, Tay and Samaan, Nancy},
  booktitle={Global Telecommunications Conference (GLOBECOM 2011), 2011 IEEE},
  pages={1--6},
  year={2011},
  organization={IEEE}
}
@inproceedings{di2010cost,
  title={Cost efficient virtual infrastructure mapping using subgraph isomorphism},
  author={Di, Hao and Li, Lemin and Anand, Vishal and Yu, Hongfang and Sun, Gang},
  booktitle={Asia Communications and Photonics Conference and Exhibition},
  pages={79890L},
  year={2010},
  organization={Optical Society of America}
}
@inproceedings{yun2011virtual,
  title={Virtual network embedding in wireless multihop networks},
  author={Yun, Donggyu and Yi, Yung},
  booktitle={Proceedings of the 6th international conference on future internet technologies},
  pages={30--33},
  year={2011},
  organization={ACM}
}
@article{yun2013embedding,
  title={Embedding of virtual network requests over static wireless multihop networks},
  author={Yun, Donggyu and Ok, Jungseul and Shin, Bongjhin and Park, Soobum and Yi, Yung},
  journal={Computer Networks},
  volume={57},
  number={5},
  pages={1139--1152},
  year={2013},
  publisher={Elsevier}
}
@inproceedings{chen2012virtual,
  title={Virtual network embedding with border matching},
  author={Chen, Xuzhou and Luo, Yan and Wang, Jie},
  booktitle={Communication Systems and Networks (COMSNETS), 2012 Fourth International Conference on},
  pages={1--8},
  year={2012},
  organization={IEEE}
}
@article{yu2012cost,
  title={A cost efficient design of virtual infrastructures with joint node and link mapping},
  author={Yu, Hongfang and Anand, Vishal and Qiao, Chunming and Di, Hao and Wei, Xuetao},
  journal={Journal of Network and Systems Management},
  volume={20},
  number={1},
  pages={97--115},
  year={2012},
  publisher={Springer}
}

@inproceedings{di2010cost,
  title={Cost efficient virtual infrastructure mapping using subgraph isomorphism},
  author={Di, Hao and Li, Lemin and Anand, Vishal and Yu, Hongfang and Sun, Gang},
  booktitle={Asia Communications and Photonics Conference and Exhibition},
  pages={79890L},
  year={2010},
  organization={Optical Society of America}
}

@inproceedings{lischka2009virtual,
  title={A virtual network mapping algorithm based on subgraph isomorphism detection},
  author={Lischka, Jens and Karl, Holger},
  booktitle={Proceedings of the 1st ACM workshop on Virtualized infrastructure systems and architectures},
  pages={81--88},
  year={2009},
  organization={ACM}
}

@article{andersen2002theoretical,
  title={Theoretical approaches to node assignment},
  author={Andersen, David G},
  journal={Computer Science Department},
  pages={86},
  year={2002}
}

@article{yu2008rethinking,
  title={Rethinking virtual network embedding: substrate support for path splitting and migration},
  author={Yu, Minlan and Yi, Yung and Rexford, Jennifer and Chiang, Mung},
  journal={ACM SIGCOMM Computer Communication Review},
  volume={38},
  number={2},
  pages={17--29},
  year={2008},
  publisher={ACM}
}
@inproceedings{santos2008bridging,
  title={Bridging the Gap between Software and Hardware Techniques for I/O Virtualization.},
  author={Santos, Jose Renato and Turner, Yoshio and Janakiraman, G John and Pratt, Ian},
  booktitle={USENIX Annual Technical Conference},
  pages={29--42},
  year={2008}
}
@inproceedings{wang2011untold,
  title={An untold story of middleboxes in cellular networks},
  author={Wang, Zhaoguang and Qian, Zhiyun and Xu, Qiang and Mao, Zhuoqing and Zhang, Ming},
  booktitle={ACM SIGCOMM Computer Communication Review},
  volume={41},
  number={4},
  pages={374--385},
  year={2011},
  organization={ACM}
}
@article{sherry2012making,
  title={Making middleboxes someone else's problem: network processing as a cloud service},
  author={Sherry, Justine and Hasan, Shaddi and Scott, Colin and Krishnamurthy, Arvind and Ratnasamy, Sylvia and Sekar, Vyas},
  journal={ACM SIGCOMM Computer Communication Review},
  volume={42},
  number={4},
  pages={13--24},
  year={2012},
  publisher={ACM}
}

@techreport{niven2009requirements,
  title={Requirements of an MPLS transport profile},
  author={Niven-Jenkins, B and Brungard, D and Betts, M and Sprecher, N and Ueno, S},
  year={2009}
}
@inproceedings{van2014opennetmon,
  title={Opennetmon: Network monitoring in openflow software-defined networks},
  author={Van Adrichem, Niels LM and Doerr, Christian and Kuipers, Fernando A},
  booktitle={Network Operations and Management Symposium (NOMS), 2014 IEEE},
  pages={1--8},
  year={2014},
  organization={IEEE}
}
@article{suurballe1984quick,
  title={A quick method for finding shortest pairs of disjoint paths},
  author={Suurballe, John W and Tarjan, Robert Endre},
  journal={Networks},
  volume={14},
  number={2},
  pages={325--336},
  year={1984},
  publisher={Wiley Online Library}
}
@article{dunn1994comparison,
  title={Comparison of k-shortest paths and maximum flow routing for network facility restoration},
  author={Dunn, D Anthony and Grover, Wayne D and MacGregor, Mike H},
  journal={IEEE Journal on selected areas in Communications},
  volume={12},
  number={1},
  pages={88--99},
  year={1994},
  publisher={IEEE}
}

@book{toth2002vehicle,
  title={The vehicle routing problem},
  author={Toth, Paolo and Vigo, Daniele},
  year={2002},
  publisher={SIAM}
}

@book{banner2010designing,
  title={Designing low-capacity backup networks for fast restoration},
  author={Banner, Ron and Orda, Ariel},
  year={2010},
  publisher={IEEE}
}

@inproceedings{suchara2011network,
  title={Network architecture for joint failure recovery and traffic engineering},
  author={Suchara, Martin and Xu, Dahai and Doverspike, Robert and Johnson, David and Rexford, Jennifer},
  booktitle={Proceedings of the ACM SIGMETRICS joint international conference on Measurement and modeling of computer systems},
  pages={97--108},
  year={2011},
  organization={ACM}
}

@inproceedings{yang2014keep,
  title={Keep forwarding: Towards k-link failure resilient routing},
  author={Yang, Baohua and Liu, Junda and Shenker, Scott and Li, Jun and Zheng, Kai},
  booktitle={INFOCOM, 2014 Proceedings IEEE},
  pages={1617--1625},
  year={2014},
  organization={IEEE}
}

@article{shand2010ip,
  title={IP fast reroute framework},
  author={Shand, Mike and Bryant, Stewart},
  year={2010}
}

@article{kvalbein2009multiple,
  title={Multiple routing configurations for fast IP network recovery},
  author={Kvalbein, Amund and Hansen, Audun Fosselie and {\v{C}}i{\v{c}}ic, Tarik and Gjessing, Stein and Lysne, Olav},
  journal={IEEE/ACM Transactions on Networking (TON)},
  volume={17},
  number={2},
  pages={473--486},
  year={2009},
  publisher={IEEE Press}
}

@article{hanjianjun2007,
  title={网络可生存性研究综述},
  author={韩建军 and 张迎},
  journal={今日科苑},
  number={18},
  pages={15-15},
  year={2007},
}


@article{luxinhua2006,
  title={信息系统生存性评估方法研究},
  author={卢兴华 and 刘增良 and 林憬锵},
  journal={微计算机信息},
  volume={22},
  number={3},
  pages={39-41},
  year={2006},
}


@article{linxuegang2006,
  title={信息系统生存性分析模型研究},
  author={林雪纲 and 许榕生},
  journal={通信学报},
  volume={27},
  number={2},
  pages={153-159},
  year={2006},
}


@article{kuipers2012overview,
  title={An overview of algorithms for network survivability},
  author={Kuipers, Fernando A},
  journal={ISRN Communications and Networking},
  volume={2012},
  year={2012},
  publisher={Hindawi Publishing Corporation}
}

@article{al2009comparative,
  title={A comparative analysis of network dependability, fault-tolerance, reliability, security, and survivability},
  author={Al-Kuwaiti, Mohamed and Kyriakopoulos, Nicholas and Hussein, Sayed},
  journal={IEEE Communications Surveys \& Tutorials},
  volume={11},
  number={2},
  year={2009},
  publisher={IEEE}
}

@article{bhatia2006finding,
  title={Finding disjoint paths with related path costs},
  author={Bhatia, Randeep and Kodialam, Murali and Lakshman, TV},
  journal={Journal of Combinatorial Optimization},
  volume={12},
  number={1-2},
  pages={83--96},
  year={2006},
  publisher={Springer}
}

@techreport{ellison1997survivable,
  title={Survivable network systems: An emerging discipline},
  author={Ellison, Robert J and Fisher, David A and Linger, Richard C and Lipson, Howard F and Longstaff, Thomas},
  year={1997},
  institution={Carnegie-mellon Univ Pittsburgh PA Software Engineering Inst}
}

@article{al2009comparative,
  title={A comparative analysis of network dependability, fault-tolerance, reliability, security, and survivability},
  author={Al-Kuwaiti, Mohamed and Kyriakopoulos, Nicholas and Hussein, Sayed},
  journal={IEEE Communications Surveys \& Tutorials},
  volume={11},
  number={2},
  year={2009},
  publisher={IEEE}
}

@article{hollway1993survivable,
  title={Survivable computer-communication systems: The problem and working group recommendations},
  author={Hollway, BA and Neumann, PG},
  journal={Washington: US Army Research Laboratory},
  year={1993}
}

@article{tax2000feature,
  title={Feature scaling in support vector data descriptions},
  author={Tax, DM and Duin, RP},
  journal={Learning from Imbalanced Datasets},
  pages={25--30},
  year={2000},
  publisher={AAAI Press Menlo Park, Calif, USA}
}
@book{grama2003introduction,
  title={Introduction to parallel computing},
  author={Grama, Ananth},
  year={2003},
  publisher={Pearson Education}
}

@inproceedings{rodgers1985improvements,
  title={Improvements in multiprocessor system design},
  author={Rodgers, David P},
  booktitle={ACM SIGARCH Computer Architecture News},
  volume={13},
  number={3},
  pages={225--231},
  year={1985},
  organization={IEEE Computer Society Press}
}

@inproceedings{amdahl1967validity,
  title={Validity of the single processor approach to achieving large scale computing capabilities},
  author={Amdahl, Gene M},
  booktitle={Proceedings of the April 18-20, 1967, spring joint computer conference},
  pages={483--485},
  year={1967},
  organization={ACM}
}

@book{han2011data,
  title={Data mining: concepts and techniques},
  author={Han, Jiawei and Pei, Jian and Kamber, Micheline},
  year={2011},
  publisher={Elsevier}
}
@inproceedings{xu2002ultra,
  title={An ultra-fast shared path protection scheme-distributed partial information management, Part II},
  author={Xu, Dahai and Qiao, Chunming and Xiong, Yizhi},
  booktitle={Network Protocols, 2002. Proceedings. 10th IEEE International Conference on},
  pages={344--353},
  year={2002},
  organization={IEEE}
}

@inproceedings{li2002efficient,
  title={Efficient distributed path selection for shared restoration connections},
  author={Li, Guangzhi and Wang, Dongmei and Kalmanek, Charles and Doverspike, Robert},
  booktitle={INFOCOM 2002. Twenty-First Annual Joint Conference of the IEEE Computer and Communications Societies. Proceedings. IEEE},
  volume={1},
  pages={140--149},
  year={2002},
  organization={IEEE}
}

@misc{CodeCraft2016,
   author = {HUAWEI TECHNOLOGIES CO.LTD.},
   title = {Code Craft},
   howpublished = {\url{http://codecraft.huawei.com}}
}
@misc{code,
   author = {SCLSAlgorithm},
   title = {github},
   howpublished = {\url{https://github.com/SCLSAlgorithm/SCLSAlgorithm}}
}

@techreport{zhang2017rsvp,
  title={RSVP-TE Extensions for Collecting Shared Risk Link Group (SRLG) Information},
  author={Zhang, F and de Dios, O Gonzalez and Margaria, C and Hartley, M and Ali, Z},
  year={2017}
}

@inproceedings{xu2003new,
  title={A new PROMISE algorithm in networks with shared risk link groups},
  author={Xu, Dahai and Xiong, Yizhi and Qiao, Chunming},
  booktitle={Global Telecommunications Conference, 2003. GLOBECOM'03. IEEE},
  volume={5},
  pages={2536--2540},
  year={2003},
  organization={IEEE}
}

@inproceedings{sebos2001auto,
  title={Auto-discovery of shared risk link groups},
  author={Sebos, Panagiotis and Yates, Jennifer and Hjalmtysson, Gisli and Greenberg, Albert},
  booktitle={Optical Fiber Communication Conference and Exhibit, 2001. OFC 2001},
  volume={3},
  pages={WDD3--WDD3},
  year={2001},
  organization={IEEE}
}


@article{mckeown2008openflow,
  title={OpenFlow: enabling innovation in campus networks},
  author={McKeown, Nick and Anderson, Tom and Balakrishnan, Hari and Parulkar, Guru and Peterson, Larry and Rexford, Jennifer and Shenker, Scott and Turner, Jonathan},
  journal={ACM SIGCOMM Computer Communication Review},
  volume={38},
  number={2},
  pages={69--74},
  year={2008},
  publisher={ACM}
}
@article{mckeown2008openflow,
  title={OpenFlow: enabling innovation in campus networks},
  author={McKeown, Nick and Anderson, Tom and Balakrishnan, Hari and Parulkar, Guru and Peterson, Larry and Rexford, Jennifer and Shenker, Scott and Turner, Jonathan},
  journal={ACM SIGCOMM Computer Communication Review},
  volume={38},
  number={2},
  pages={69--74},
  year={2008},
  publisher={ACM}
}
@inproceedings{sebos2001auto,
  title={Auto-discovery of shared risk link groups},
  author={Sebos, Panagiotis and Yates, Jennifer and Hjalmtysson, Gisli and Greenberg, Albert},
  booktitle={Optical Fiber Communication Conference and Exhibit, 2001. OFC 2001},
  volume={3},
  pages={WDD3--WDD3},
  year={2001},
  organization={IEEE}
}


@article{kuipers2012overview,
  title={An overview of algorithms for network survivability},
  author={Kuipers, Fernando A},
  journal={ISRN Communications and Networking},
  volume={2012},
  year={2012},
  publisher={Hindawi Publishing Corporation}
}

@article{oki2002disjoint,
  title={A disjoint path selection scheme with shared risk link groups in GMPLS networks},
  author={Oki, Eiji and Matsuura, Nobuaki and Shiomoto, Kohei and Yamanaka, Naoaki},
  journal={IEEE Communications letters},
  volume={6},
  number={9},
  pages={406--408},
  year={2002},
  publisher={IEEE}
}

@article{li2002fiber,
  title={Fiber span failure protection in mesh optical networks},
  author={Li, Guangzhi and Doverspike, Bob and Kalmanek, Chuck},
  journal={Optical Networks Magazine},
  volume={3},
  number={3},
  pages={21--31},
  year={2002},
  publisher={Springer}
}

@inproceedings{laborczi2001solving,
  title={Solving asymmetrically weighted optimal or near-optimal disjoint path pair for the survivable optical networks},
  author={Laborczi, P and Tapolcai, J and Ho, Pin-Han and Cinkler, Tibor and Recski, Andras and Mouftah, Hussein T},
  booktitle={Third International Workshop On Design Of Reliable Communication Networks (DRCN’01)},
  year={2001}
}

@inproceedings{bhandari1997optimal,
  title={Optimal physical diversity algorithms and survivable networks},
  author={Bhandari, Ramesh},
  booktitle={Computers and Communications, 1997. Proceedings., Second IEEE Symposium on},
  pages={433--441},
  year={1997},
  organization={IEEE}
}

@article{suurballe1984quick,
  title={A quick method for finding shortest pairs of disjoint paths},
  author={Suurballe, John W and Tarjan, Robert Endre},
  journal={Networks},
  volume={14},
  number={2},
  pages={325--336},
  year={1984},
  publisher={Wiley Online Library}
}

@article{guo2003link,
  title={Link-disjoint paths for reliable QoS routing},
  author={Guo, Yuchun and Kuipers, Fernando and Van Mieghem, Piet},
  journal={International Journal of Communication Systems},
  volume={16},
  number={9},
  pages={779--798},
  year={2003},
  publisher={Wiley Online Library}
}

@article{jarschel2014interfaces,
  title={Interfaces, attributes, and use cases: A compass for SDN},
  author={Jarschel, Michael and Zinner, Thomas and Ho{\ss}feld, Tobias and Tran-Gia, Phuoc and Kellerer, Wolfgang},
  journal={IEEE Communications Magazine},
  volume={52},
  number={6},
  pages={210--217},
  year={2014},
  publisher={IEEE}
}

@inproceedings{kempf2012scalable,
  title={Scalable fault management for OpenFlow},
  author={Kempf, James and Bellagamba, Elisa and Kern, Andr{\'a}s and Jocha, David and Tak{\'a}cs, Attila and Sk{\"o}ldstr{\"o}m, Pontus},
  booktitle={Communications (ICC), 2012 IEEE International Conference on},
  pages={6606--6610},
  year={2012},
  organization={IEEE}
}

@article{sgambelluri2013openflow,
  title={OpenFlow-based segment protection in Ethernet networks},
  author={Sgambelluri, Andrea and Giorgetti, Alessio and Cugini, Filippo and Paolucci, Francesco and Castoldi, Piero},
  journal={Journal of Optical Communications and Networking},
  volume={5},
  number={9},
  pages={1066--1075},
  year={2013},
  publisher={Optical Society of America}
}
@inproceedings{muller2014survivor,
  title={Survivor: an enhanced controller placement strategy for improving SDN survivability},
  author={M{\"u}ller, Lucas F and Oliveira, Rodrigo R and Luizelli, Marcelo C and Gaspary, Luciano P and Barcellos, Marinho P},
  booktitle={Global Communications Conference (GLOBECOM), 2014 IEEE},
  pages={1909--1915},
  year={2014},
  organization={IEEE}
}

@article{jain2013b4,
  title={B4: Experience with a globally-deployed software defined WAN},
  author={Jain, Sushant and Kumar, Alok and Mandal, Subhasree and Ong, Joon and Poutievski, Leon and Singh, Arjun and Venkata, Subbaiah and Wanderer, Jim and Zhou, Junlan and Zhu, Min and others},
  journal={ACM SIGCOMM Computer Communication Review},
  volume={43},
  number={4},
  pages={3--14},
  year={2013},
  publisher={ACM}
}

@article{zhang2014named,
  title={Named data networking},
  author={Zhang, Lixia and Afanasyev, Alexander and Burke, Jeffrey and Jacobson, Van and Crowley, Patrick and Papadopoulos, Christos and Wang, Lan and Zhang, Beichuan and others},
  journal={ACM SIGCOMM Computer Communication Review},
  volume={44},
  number={3},
  pages={66--73},
  year={2014},
  publisher={ACM}
}

@article{yallouz2017tunable,
  title={Tunable QoS-aware network survivability},
  author={Yallouz, Jose and Orda, Ariel},
  journal={IEEE/ACM Transactions on Networking (TON)},
  volume={25},
  number={1},
  pages={139--149},
  year={2017},
  publisher={IEEE Press}
}

@article{lawler1966branch,
  title={Branch-and-bound methods: A survey},
  author={Lawler, Eugene L and Wood, David E},
  journal={Operations research},
  volume={14},
  number={4},
  pages={699--719},
  year={1966},
  publisher={INFORMS}
}
@article{li1990complexity,
  title={The complexity of finding two disjoint paths with min-max objective function},
  author={Li, Chung-Lun and McCormick, S Thomas and Simchi-Levi, David},
  journal={Discrete Applied Mathematics},
  volume={26},
  number={1},
  pages={105--115},
  year={1990},
  publisher={Elsevier}
}
@article{yen1971finding,
  title={Finding the k shortest loopless paths in a network},
  author={Yen, Jin Y},
  journal={management Science},
  volume={17},
  number={11},
  pages={712--716},
  year={1971},
  publisher={INFORMS}
}

@article{li1990complexity,
  title={The complexity of finding two disjoint paths with min-max objective function},
  author={Li, Chung-Lun and McCormick, S Thomas and Simchi-Levi, David},
  journal={Discrete Applied Mathematics},
  volume={26},
  number={1},
  pages={105--115},
  year={1990},
  publisher={Elsevier}
}
agarwal2013resilience
@book{beshir2011variants,
  title={Variants of the min-sum link-disjoint paths problem},
  author={Beshir, AA and Kuipers, FA},
  year={2011},
  publisher={IEEE/SCVT}
}

@article{sharma2013openflow,
  title={OpenFlow: Meeting carrier-grade recovery requirements},
  author={Sharma, Sachin and Staessens, Dimitri and Colle, Didier and Pickavet, Mario and Demeester, Piet},
  journal={Computer Communications},
  volume={36},
  number={6},
  pages={656--665},
  year={2013},
  publisher={Elsevier}
}
@article{mcfarland2005ethernet,
  title={Ethernet OAM: key enabler for carrier class metro ethernet services},
  author={McFarland, Mike and Salam, Samer and Checker, Ripin},
  journal={IEEE Communications Magazine},
  volume={43},
  number={11},
  pages={152--157},
  year={2005},
  publisher={IEEE}
}
@article{shand2010ip,
  title={IP fast reroute framework},
  author={Shand, Mike and Bryant, Stewart},
  year={2010}
}
@article{katz2010bidirectional,
  title={Bidirectional forwarding detection (BFD)},
  author={Katz, Dave and Ward, Dave},
  year={2010}
}
@article{guo2013finding,
  title={On finding min-min disjoint paths},
  author={Guo, Longkun and Shen, Hong},
  journal={Algorithmica},
  volume={66},
  number={3},
  pages={641--653},
  year={2013},
  publisher={Springer}
}
@article{chvatal1979greedy,
  title={A greedy heuristic for the set-covering problem},
  author={Chvatal, Vasek},
  journal={Mathematics of operations research},
  volume={4},
  number={3},
  pages={233--235},
  year={1979},
  publisher={INFORMS}
}

@book{bryant2003computer,
  title={Computer systems: a programmer's perspective},
  author={Bryant, Randal and David Richard, O'Hallaron and David Richard, O'Hallaron},
  volume={2},
  year={2003},
  publisher={Prentice Hall Upper Saddle River}
}

@article{papadimitriou2001inference,
  title={Inference of shared risk link groups},
  author={Papadimitriou, Dimitri and Poppe, Fabrice and Jones, Jim and Venkatachalam, Senthil and Dharanikota, Sudheer and Jain, Raj and Hartani, Riad and Griffith, David and Xue, Y},
  journal={IETF Draft, OIF Contribution, OIF},
  volume={66},
  pages={2001},
  year={2001}
}

@article{barabasi2009scale,
  title={Scale-free networks: a decade and beyond},
  author={Barab{\'a}si, Albert-L{\'a}szl{\'o}},
  journal={science},
  volume={325},
  number={5939},
  pages={412--413},
  year={2009},
  publisher={American Association for the Advancement of Science}
}

@misc{al2006coding,
  title={Coding and normalization: The effect of accuracy, simplicity and training time},
  author={Al-Shalabi, L},
  year={2006},
  publisher={RCED}
}


@article{optimization2012gurobi,
  title={Gurobi optimizer reference manual},
  author={Optimization, Gurobi and others},
  journal={URL: http://www. gurobi. com},
  volume={2},
  pages={1--3},
  year={2012}
}

@inproceedings{kammer2009k,
  title={The k-disjoint paths problem on chordal graphs},
  author={Kammer, Frank and Tholey, Torsten},
  booktitle={International Workshop on Graph-Theoretic Concepts in Computer Science},
  pages={190--201},
  year={2009},
  organization={Springer}
}


@article{kawarabayashi2012disjoint,
  title={The disjoint paths problem in quadratic time},
  author={Kawarabayashi, Ken-ichi and Kobayashi, Yusuke and Reed, Bruce},
  journal={Journal of Combinatorial Theory, Series B},
  volume={102},
  number={2},
  pages={424--435},
  year={2012},
  publisher={Elsevier}
}

@article{trajanovski2015finding,
  title={Finding critical regions and region-disjoint paths in a network},
  author={Trajanovski, Stojan and Kuipers, Fernando A and Ili{\'c}, Aleksandar and Crowcroft, Jon and Van Mieghem, Piet},
  journal={IEEE/ACM Transactions on Networking (TON)},
  volume={23},
  number={3},
  pages={908--921},
  year={2015},
  publisher={IEEE Press}
}

@article{neumayer2011assessing,
  title={Assessing the vulnerability of the fiber infrastructure to disasters},
  author={Neumayer, Sebastian and Zussman, Gil and Cohen, Reuven and Modiano, Eytan},
  journal={IEEE/ACM Transactions on Networking (TON)},
  volume={19},
  number={6},
  pages={1610--1623},
  year={2011},
  publisher={IEEE Press}
}

@article{agarwal2013resilience,
  title={The resilience of WDM networks to probabilistic geographical failures},
  author={Agarwal, Pankaj K and Efrat, Alon and Ganjugunte, Shashidhara K and Hay, David and Sankararaman, Swaminathan and Zussman, Gil},
  journal={IEEE/ACM Transactions on Networking (TON)},
  volume={21},
  number={5},
  pages={1525--1538},
  year={2013},
  publisher={IEEE Press}
}

@inproceedings{taft1999quality,
  title={Quality-of-service routing using maximally disjoint paths},
  author={Taft-Plotkin, Nina and Bellur, Bhargav and Ogier, Richard},
  booktitle={Quality of Service, 1999. IWQoS'99. 1999 Seventh International Workshop on},
  pages={119--128},
  year={1999},
  organization={IEEE}
}
@inproceedings{sprintson2007reliable,
  title={Reliable routing with QoS guarantees for multi-domain IP/MPLS networks},
  author={Sprintson, Alexander and Yannuzzi, Marcelo and Orda, Ariel and Masip-Bruin, Xavier},
  booktitle={INFOCOM 2007. 26th IEEE International Conference on Computer Communications. IEEE},
  pages={1820--1828},
  year={2007},
  organization={IEEE}
}
@article{robertson1995graph,
  title={Graph minors. XIII. The disjoint paths problem},
  author={Robertson, Neil and Seymour, Paul D},
  journal={Journal of combinatorial theory, Series B},
  volume={63},
  number={1},
  pages={65--110},
  year={1995},
  publisher={Elsevier}
}

@article{schrijver1994finding,
  title={Finding k disjoint paths in a directed planar graph},
  author={Schrijver, Alexander},
  journal={SIAM Journal on Computing},
  volume={23},
  number={4},
  pages={780--788},
  year={1994},
  publisher={SIAM}
}
@article{fortune1980directed,
  title={The directed subgraph homeomorphism problem},
  author={Fortune, Steven and Hopcroft, John and Wyllie, James},
  journal={Theoretical Computer Science},
  volume={10},
  number={2},
  pages={111--121},
  year={1980},
  publisher={Elsevier}
}
@article{trajanovski2015finding,
  title={Finding critical regions and region-disjoint paths in a network},
  author={Trajanovski, Stojan and Kuipers, Fernando A and Ili{\'c}, Aleksandar and Crowcroft, Jon and Van Mieghem, Piet},
  journal={IEEE/ACM Transactions on Networking (TON)},
  volume={23},
  number={3},
  pages={908--921},
  year={2015},
  publisher={IEEE Press}
}
@article{gao2013domain,
  title={Domain-disjoint routing based on topology aggregation for survivable multidomain optical networks},
  author={Gao, Chengyi and Hasan, Mohammad M and Jue, Jason P},
  journal={Journal of Optical Communications and Networking},
  volume={5},
  number={12},
  pages={1382--1390},
  year={2013},
  publisher={Optical Society of America}
}




@inproceedings{bhandari1994optimal,
  title={Optimal diverse routing in telecommunication fiber networks},
  author={Bhandari, Ramesh},
  booktitle={INFOCOM'94. Networking for Global Communications., 13th Proceedings IEEE},
  pages={1498--1508},
  year={1994},
  organization={IEEE}
}

@inproceedings{bermond2013srlg,
  title={SRLG-diverse routing with the star property},
  author={Bermond, Jean-Claude and Coudert, David and D'Angelo, Gianlorenzo and Moataz, Fatima Zahra},
  booktitle={Design of Reliable Communication Networks (DRCN), 2013 9th International Conference on the},
  pages={163--170},
  year={2013},
  organization={IEEE}
}

@article{coudert2007shared,
  title={Shared risk resource group complexity and approximability issues},
  author={Coudert, David and Datta, Pallab and P{\'e}rennes, St{\'e}phane and Rivano, Herv{\'e} and Voge, M-E},
  journal={Parallel Processing Letters},
  volume={17},
  number={02},
  pages={169--184},
  year={2007},
  publisher={World Scientific}
}

@article{shi1999k,
  title={A k-best paths algorithm for highly reliable communication networks},
  author={Shi-Wei, LEE and Cheng-Shong, WU},
  journal={IEICE transactions on communications},
  volume={82},
  number={4},
  pages={586--590},
  year={1999},
  publisher={The Institute of Electronics, Information and Communication Engineers}
}

@inproceedings{nikolopoulos1997addressing,
  title={Addressing network survivability issues by finding the K-best paths through a trellis graph},
  author={Nikolopoulos, Stavros D and Pitsillides, Andreas and Tipper, David},
  booktitle={INFOCOM'97. Sixteenth Annual Joint Conference of the IEEE Computer and Communications Societies. Driving the Information Revolution., Proceedings IEEE},
  volume={1},
  pages={370--377},
  year={1997},
  organization={IEEE}
}

@article{castanon1990efficient,
  title={Efficient algorithms for finding the K best paths through a trellis},
  author={Castanon, David A},
  journal={IEEE Transactions on Aerospace and Electronic Systems},
  volume={26},
  number={2},
  pages={405--410},
  year={1990},
  publisher={IEEE}
}

@inproceedings{yang2014availability,
  title={Availability-based path selection},
  author={Yang, Song and Trajanovski, Stojan and Kuipers, Fernando A},
  booktitle={Reliable Networks Design and Modeling (RNDM), 2014 6th International Workshop on},
  pages={39--46},
  year={2014},
  organization={IEEE}
}

@article{clouqueur2002availability,
  title={Availability analysis of span-restorable mesh networks},
  author={Clouqueur, Matthieu and Grover, Wayne D},
  journal={IEEE journal on selected areas in communications},
  volume={20},
  number={4},
  pages={810--821},
  year={2002},
  publisher={IEEE}
}

@article{suurballe1974disjoint,
  title={Disjoint paths in a network},
  author={Suurballe, JW},
  journal={Networks},
  volume={4},
  number={2},
  pages={125--145},
  year={1974},
  publisher={Wiley Online Library}
}

@inproceedings{bhandari1997optimal,
  title={Optimal physical diversity algorithms and survivable networks},
  author={Bhandari, Ramesh},
  booktitle={Computers and Communications, 1997. Proceedings., Second IEEE Symposium on},
  pages={433--441},
  year={1997},
  organization={IEEE}
}

@article{itai1982complexity,
  title={The complexity of finding maximum disjoint paths with length constraints},
  author={Itai, Alon and Perl, Yehoshua and Shiloach, Yossi},
  journal={Networks},
  volume={12},
  number={3},
  pages={277--286},
  year={1982},
  publisher={Wiley Online Library}
}
@article{li1990complexity,
  title={The complexity of finding two disjoint paths with min-max objective function},
  author={Li, Chung-Lun and McCormick, S Thomas and Simchi-Levi, David},
  journal={Discrete Applied Mathematics},
  volume={26},
  number={1},
  pages={105--115},
  year={1990},
  publisher={Elsevier}
}

@article{iqbal2015disjoint,
  title={Disjoint paths in networks},
  author={Iqbal, Farabi and Kuipers, Fernando A},
  journal={Wiley Encyclopedia of Electrical and Electronics Engineering},
  year={2015},
  publisher={Wiley Online Library}
}


@article{dijkstra1959note,
  title={A note on two problems in connexion with graphs},
  author={Dijkstra, Edsger W},
  journal={Numerische mathematik},
  volume={1},
  number={1},
  pages={269--271},
  year={1959},
  publisher={Springer}
}
@article{zhou2000survivability,
  title={Survivability in optical networks},
  author={Zhou, Dongyun and Subramaniam, Suresh},
  journal={IEEE network},
  volume={14},
  number={6},
  pages={16--23},
  year={2000},
  publisher={IEEE}
}


@book{sipser2006introduction,
  title={Introduction to the Theory of Computation},
  author={Sipser, Michael},
  volume={2},
  year={2006},
  publisher={Thomson Course Technology Boston}
}

@inproceedings{xu2004finding,
  title={On finding disjoint paths in single and dual link cost networks},
  author={Xu, Dahai and Chen, Yang and Xiong, Yizhi and Qiao, Chunming and He, Xin},
  booktitle={INFOCOM 2004. Twenty-third AnnualJoint Conference of the IEEE Computer and Communications Societies},
  volume={1},
  year={2004},
  organization={IEEE}
}

@article{guo2013finding,
  title={On finding min-min disjoint paths},
  author={Guo, Longkun and Shen, Hong},
  journal={Algorithmica},
  volume={66},
  number={3},
  pages={641--653},
  year={2013},
  publisher={Springer}
}

@article{xu2006complexity,
  title={On the complexity of and algorithms for finding the shortest path with a disjoint counterpart},
  author={Xu, Dahai and Chen, Yang and Xiong, Yizhi and Qiao, Chunming and He, Xin},
  journal={IEEE/ACM Transactions on Networking (TON)},
  volume={14},
  number={1},
  pages={147--158},
  year={2006},
  publisher={IEEE Press}
}
@inproceedings{rostami2007cose,
  title={CoSE: A SRLG-disjoint routing algorithm},
  author={Rostami, Mohammad Javad and Khorsandi, Siavash and Khodaparast, Ali Asghar},
  booktitle={Universal Multiservice Networks, 2007. ECUMN'07. Fourth European Conference on},
  pages={86--92},
  year={2007},
  organization={IEEE}
}
@article{eppstein1998finding,
  title={Finding the k shortest paths},
  author={Eppstein, David},
  journal={SIAM Journal on computing},
  volume={28},
  number={2},
  pages={652--673},
  year={1998},
  publisher={SIAM}
}
@article{rostami2012msdp,
  title={MSDP with ACO: A maximal SRLG disjoint routing algorithm based on ant colony optimization},
  author={Rostami, Mohammad Javad and Zarandi, Azadeh Alsadat Emrani and Hoseininasab, Seyed Mohamad},
  journal={Journal of Network and Computer Applications},
  volume={35},
  number={1},
  pages={394--402},
  year={2012},
  publisher={Elsevier}
}

@article{datta2008graph,
  title={Graph transformation approaches for diverse routing in shared risk resource group (SRRG) failures},
  author={Datta, Pallab and Somani, Arun K},
  journal={Computer Networks},
  volume={52},
  number={12},
  pages={2381--2394},
  year={2008},
  publisher={Elsevier}
}

@book{cormen2009introduction,
  title={Introduction to algorithms},
  author={Cormen, Thomas H},
  year={2009},
  publisher={MIT press}
}

@book{ford2015flows,
  title={Flows in networks},
  author={Ford Jr, Lester Randolph and Fulkerson, Delbert Ray},
  year={2015},
  publisher={Princeton university press}
}

@inproceedings{papadimitriou2001algorithms,
  title={Algorithms, games, and the internet},
  author={Papadimitriou, Christos},
  booktitle={Proceedings of the thirty-third annual ACM symposium on Theory of computing},
  pages={749--753},
  year={2001},
  organization={ACM}
}



@inproceedings{lopez2016role,
  title={The role of SDN in application centric IP and optical networks},
  author={Lopez, Victor and Gran, Jose Manuel and Fernandez-Palacios, Juan Pedro and Siracusa, Domenico and Pederzolli, Federico and Gerstel, Ori and Shikhmanter, Yona and M{\aa}rtensson, Jonas and Sk{\"o}ldstr{\"o}m, Pontus and Szyrkowiec, Thomas and others},
  booktitle={Networks and Communications (EuCNC), 2016 European Conference on},
  pages={138--142},
  year={2016},
  organization={IEEE}
}


@inproceedings{todimala2004imsh,
  title={IMSH: An iterative heuristic for SRLG diverse routing in WDM mesh networks},
  author={Todimala, Ajay and Ramamurthy, Byrav},
  booktitle={Computer Communications and Networks. Proceedings. 13th International Conference on},
  pages={199--204},
  year={2004},
  organization={IEEE}
}

@article{xu2003trap,
  title={Trap avoidance and protection schemes in networks with shared risk link groups},
  author={Xu, Dahai and Xiong, Yizhi and Qiao, Chunming and Li, Guangzhi},
  journal={Journal of Lightwave Technology},
  volume={21},
  number={11},
  pages={2683},
  year={2003},
  publisher={IEEE}
}
@article{doerr2014all,
  title={All quiet on the internet front?},
  author={Doerr, Christian and Kuipers, Fernando A},
  journal={IEEE Communications Magazine},
  volume={52},
  number={10},
  pages={46--51},
  year={2014},
  publisher={IEEE}
}


@inproceedings{bhandari1994optimal,
  title={Optimal diverse routing in telecommunication fiber networks},
  author={Bhandari, Ramesh},
  booktitle={INFOCOM'94. Networking for Global Communications., 13th Proceedings IEEE},
  pages={1498--1508},
  year={1994},
  organization={IEEE}
}


@inproceedings{bermond2013srlg,
  title={SRLG-diverse routing with the star property},
  author={Bermond, Jean-Claude and Coudert, David and D'Angelo, Gianlorenzo and Moataz, Fatima Zahra},
  booktitle={Design of Reliable Communication Networks (DRCN), 2013 9th International Conference on the},
  pages={163--170},
  year={2013},
  organization={IEEE}
}
@article{coudert2007shared,
  title={Shared risk resource group complexity and approximability issues},
  author={Coudert, David and Datta, Pallab and P{\'e}rennes, St{\'e}phane and Rivano, Herv{\'e} and Voge, M-E},
  journal={Parallel Processing Letters},
  volume={17},
  number={02},
  pages={169--184},
  year={2007},
  publisher={World Scientific}
}
@article{hu2003diverse,
  title={Diverse routing in optical mesh networks},
  author={Hu, Jian Qiang},
  journal={IEEE Transactions on Communications},
  volume={51},
  number={3},
  pages={489--494},
  year={2003},
  publisher={IEEE}
}

@inproceedings{li2001fiber,
  title={Fiber span failure protection in mesh optical networks},
  author={Li, Guangzhi and Doverspike, Robert and Kalmanek, Charles},
  booktitle={OptiComm 2001: Optical Networking and Communications Conference},
  pages={130--141},
  year={2001},
  organization={International Society for Optics and Photonics}
}

@article{liu2005approximating,
  title={Approximating optimal spare capacity allocation by successive survivable routing},
  author={Liu, Yu and Tipper, David and Siripongwutikorn, Peerapon},
  journal={IEEE/ACM Transactions on Networking (TON)},
  volume={13},
  number={1},
  pages={198--211},
  year={2005},
  publisher={IEEE Press}
}
