@article{erdos1959random,
  title={On random graphs, I},
  author={Erd{\"o}s, Paul and R{\'e}nyi, Alfr{\'e}d},
  journal={Publicationes Mathematicae (Debrecen)},
  volume={6},
  pages={290--297},
  year={1959}
}

@article{erdos1959random,
  title={On random graphs, I},
  author={Erd{\"o}s, Paul and R{\'e}nyi, Alfr{\'e}d},
  journal={Publicationes Mathematicae (Debrecen)},
  volume={6},
  pages={290--297},
  year={1959}
}

@article{bhatia2006finding,
  title={Finding disjoint paths with related path costs},
  author={Bhatia, Randeep and Kodialam, Murali and Lakshman, TV},
  journal={Journal of Combinatorial Optimization},
  volume={12},
  number={1-2},
  pages={83--96},
  year={2006},
  publisher={Springer}
}

@article{tax2000feature,
  title={Feature scaling in support vector data descriptions},
  author={Tax, DM and Duin, RP},
  journal={Learning from Imbalanced Datasets},
  pages={25--30},
  year={2000},
  publisher={AAAI Press Menlo Park, Calif, USA}
}
@book{grama2003introduction,
  title={Introduction to parallel computing},
  author={Grama, Ananth},
  year={2003},
  publisher={Pearson Education}
}

@inproceedings{rodgers1985improvements,
  title={Improvements in multiprocessor system design},
  author={Rodgers, David P},
  booktitle={ACM SIGARCH Computer Architecture News},
  volume={13},
  number={3},
  pages={225--231},
  year={1985},
  organization={IEEE Computer Society Press}
}

@inproceedings{amdahl1967validity,
  title={Validity of the single processor approach to achieving large scale computing capabilities},
  author={Amdahl, Gene M},
  booktitle={Proceedings of the April 18-20, 1967, spring joint computer conference},
  pages={483--485},
  year={1967},
  organization={ACM}
}

@book{han2011data,
  title={Data mining: concepts and techniques},
  author={Han, Jiawei and Pei, Jian and Kamber, Micheline},
  year={2011},
  publisher={Elsevier}
}
@inproceedings{xu2002ultra,
  title={An ultra-fast shared path protection scheme-distributed partial information management, Part II},
  author={Xu, Dahai and Qiao, Chunming and Xiong, Yizhi},
  booktitle={Network Protocols, 2002. Proceedings. 10th IEEE International Conference on},
  pages={344--353},
  year={2002},
  organization={IEEE}
}

@inproceedings{li2002efficient,
  title={Efficient distributed path selection for shared restoration connections},
  author={Li, Guangzhi and Wang, Dongmei and Kalmanek, Charles and Doverspike, Robert},
  booktitle={INFOCOM 2002. Twenty-First Annual Joint Conference of the IEEE Computer and Communications Societies. Proceedings. IEEE},
  volume={1},
  pages={140--149},
  year={2002},
  organization={IEEE}
}
@misc{CodeCraft2016,
   author = {HUAWEI TECHNOLOGIES CO.LTD.},
   title = {Code Craft},
   howpublished = {\url{http://codecraft.huawei.com}}
}
@misc{code,
   author = {SCLSAlgorithm},
   title = {github},
   howpublished = {\url{https://github.com/SCLSAlgorithm/SCLSAlgorithm}}
}

@techreport{zhang2017rsvp,
  title={RSVP-TE Extensions for Collecting Shared Risk Link Group (SRLG) Information},
  author={Zhang, F and de Dios, O Gonzalez and Margaria, C and Hartley, M and Ali, Z},
  year={2017}
}

@inproceedings{xu2003new,
  title={A new PROMISE algorithm in networks with shared risk link groups},
  author={Xu, Dahai and Xiong, Yizhi and Qiao, Chunming},
  booktitle={Global Telecommunications Conference, 2003. GLOBECOM'03. IEEE},
  volume={5},
  pages={2536--2540},
  year={2003},
  organization={IEEE}
}

@inproceedings{sebos2001auto,
  title={Auto-discovery of shared risk link groups},
  author={Sebos, Panagiotis and Yates, Jennifer and Hjalmtysson, Gisli and Greenberg, Albert},
  booktitle={Optical Fiber Communication Conference and Exhibit, 2001. OFC 2001},
  volume={3},
  pages={WDD3--WDD3},
  year={2001},
  organization={IEEE}
}


@article{mckeown2008openflow,
  title={OpenFlow: enabling innovation in campus networks},
  author={McKeown, Nick and Anderson, Tom and Balakrishnan, Hari and Parulkar, Guru and Peterson, Larry and Rexford, Jennifer and Shenker, Scott and Turner, Jonathan},
  journal={ACM SIGCOMM Computer Communication Review},
  volume={38},
  number={2},
  pages={69--74},
  year={2008},
  publisher={ACM}
}
@article{mckeown2008openflow,
  title={OpenFlow: enabling innovation in campus networks},
  author={McKeown, Nick and Anderson, Tom and Balakrishnan, Hari and Parulkar, Guru and Peterson, Larry and Rexford, Jennifer and Shenker, Scott and Turner, Jonathan},
  journal={ACM SIGCOMM Computer Communication Review},
  volume={38},
  number={2},
  pages={69--74},
  year={2008},
  publisher={ACM}
}
@inproceedings{sebos2001auto,
  title={Auto-discovery of shared risk link groups},
  author={Sebos, Panagiotis and Yates, Jennifer and Hjalmtysson, Gisli and Greenberg, Albert},
  booktitle={Optical Fiber Communication Conference and Exhibit, 2001. OFC 2001},
  volume={3},
  pages={WDD3--WDD3},
  year={2001},
  organization={IEEE}
}


@article{kuipers2012overview,
  title={An overview of algorithms for network survivability},
  author={Kuipers, Fernando A},
  journal={ISRN Communications and Networking},
  volume={2012},
  year={2012},
  publisher={Hindawi Publishing Corporation}
}

@article{oki2002disjoint,
  title={A disjoint path selection scheme with shared risk link groups in GMPLS networks},
  author={Oki, Eiji and Matsuura, Nobuaki and Shiomoto, Kohei and Yamanaka, Naoaki},
  journal={IEEE Communications letters},
  volume={6},
  number={9},
  pages={406--408},
  year={2002},
  publisher={IEEE}
}

@article{li2002fiber,
  title={Fiber span failure protection in mesh optical networks},
  author={Li, Guangzhi and Doverspike, Bob and Kalmanek, Chuck},
  journal={Optical Networks Magazine},
  volume={3},
  number={3},
  pages={21--31},
  year={2002},
  publisher={Springer}
}

@inproceedings{laborczi2001solving,
  title={Solving asymmetrically weighted optimal or near-optimal disjoint path pair for the survivable optical networks},
  author={Laborczi, P and Tapolcai, J and Ho, Pin-Han and Cinkler, Tibor and Recski, Andras and Mouftah, Hussein T},
  booktitle={Third International Workshop On Design Of Reliable Communication Networks (DRCN’01)},
  year={2001}
}

@inproceedings{bhandari1997optimal,
  title={Optimal physical diversity algorithms and survivable networks},
  author={Bhandari, Ramesh},
  booktitle={Computers and Communications, 1997. Proceedings., Second IEEE Symposium on},
  pages={433--441},
  year={1997},
  organization={IEEE}
}

@article{suurballe1984quick,
  title={A quick method for finding shortest pairs of disjoint paths},
  author={Suurballe, John W and Tarjan, Robert Endre},
  journal={Networks},
  volume={14},
  number={2},
  pages={325--336},
  year={1984},
  publisher={Wiley Online Library}
}

@article{guo2003link,
  title={Link-disjoint paths for reliable QoS routing},
  author={Guo, Yuchun and Kuipers, Fernando and Van Mieghem, Piet},
  journal={International Journal of Communication Systems},
  volume={16},
  number={9},
  pages={779--798},
  year={2003},
  publisher={Wiley Online Library}
}

@article{jarschel2014interfaces,
  title={Interfaces, attributes, and use cases: A compass for SDN},
  author={Jarschel, Michael and Zinner, Thomas and Ho{\ss}feld, Tobias and Tran-Gia, Phuoc and Kellerer, Wolfgang},
  journal={IEEE Communications Magazine},
  volume={52},
  number={6},
  pages={210--217},
  year={2014},
  publisher={IEEE}
}

@inproceedings{kempf2012scalable,
  title={Scalable fault management for OpenFlow},
  author={Kempf, James and Bellagamba, Elisa and Kern, Andr{\'a}s and Jocha, David and Tak{\'a}cs, Attila and Sk{\"o}ldstr{\"o}m, Pontus},
  booktitle={Communications (ICC), 2012 IEEE International Conference on},
  pages={6606--6610},
  year={2012},
  organization={IEEE}
}

@article{sgambelluri2013openflow,
  title={OpenFlow-based segment protection in Ethernet networks},
  author={Sgambelluri, Andrea and Giorgetti, Alessio and Cugini, Filippo and Paolucci, Francesco and Castoldi, Piero},
  journal={Journal of Optical Communications and Networking},
  volume={5},
  number={9},
  pages={1066--1075},
  year={2013},
  publisher={Optical Society of America}
}
@inproceedings{muller2014survivor,
  title={Survivor: an enhanced controller placement strategy for improving SDN survivability},
  author={M{\"u}ller, Lucas F and Oliveira, Rodrigo R and Luizelli, Marcelo C and Gaspary, Luciano P and Barcellos, Marinho P},
  booktitle={Global Communications Conference (GLOBECOM), 2014 IEEE},
  pages={1909--1915},
  year={2014},
  organization={IEEE}
}

@article{jain2013b4,
  title={B4: Experience with a globally-deployed software defined WAN},
  author={Jain, Sushant and Kumar, Alok and Mandal, Subhasree and Ong, Joon and Poutievski, Leon and Singh, Arjun and Venkata, Subbaiah and Wanderer, Jim and Zhou, Junlan and Zhu, Min and others},
  journal={ACM SIGCOMM Computer Communication Review},
  volume={43},
  number={4},
  pages={3--14},
  year={2013},
  publisher={ACM}
}

@article{zhang2014named,
  title={Named data networking},
  author={Zhang, Lixia and Afanasyev, Alexander and Burke, Jeffrey and Jacobson, Van and Crowley, Patrick and Papadopoulos, Christos and Wang, Lan and Zhang, Beichuan and others},
  journal={ACM SIGCOMM Computer Communication Review},
  volume={44},
  number={3},
  pages={66--73},
  year={2014},
  publisher={ACM}
}

@article{yallouz2017tunable,
  title={Tunable QoS-aware network survivability},
  author={Yallouz, Jose and Orda, Ariel},
  journal={IEEE/ACM Transactions on Networking (TON)},
  volume={25},
  number={1},
  pages={139--149},
  year={2017},
  publisher={IEEE Press}
}

@article{lawler1966branch,
  title={Branch-and-bound methods: A survey},
  author={Lawler, Eugene L and Wood, David E},
  journal={Operations research},
  volume={14},
  number={4},
  pages={699--719},
  year={1966},
  publisher={INFORMS}
}
@article{li1990complexity,
  title={The complexity of finding two disjoint paths with min-max objective function},
  author={Li, Chung-Lun and McCormick, S Thomas and Simchi-Levi, David},
  journal={Discrete Applied Mathematics},
  volume={26},
  number={1},
  pages={105--115},
  year={1990},
  publisher={Elsevier}
}
@article{yen1971finding,
  title={Finding the k shortest loopless paths in a network},
  author={Yen, Jin Y},
  journal={management Science},
  volume={17},
  number={11},
  pages={712--716},
  year={1971},
  publisher={INFORMS}
}

@article{li1990complexity,
  title={The complexity of finding two disjoint paths with min-max objective function},
  author={Li, Chung-Lun and McCormick, S Thomas and Simchi-Levi, David},
  journal={Discrete Applied Mathematics},
  volume={26},
  number={1},
  pages={105--115},
  year={1990},
  publisher={Elsevier}
}
agarwal2013resilience
@book{beshir2011variants,
  title={Variants of the min-sum link-disjoint paths problem},
  author={Beshir, AA and Kuipers, FA},
  year={2011},
  publisher={IEEE/SCVT}
}

@article{guo2013finding,
  title={On finding min-min disjoint paths},
  author={Guo, Longkun and Shen, Hong},
  journal={Algorithmica},
  volume={66},
  number={3},
  pages={641--653},
  year={2013},
  publisher={Springer}
}
@article{chvatal1979greedy,
  title={A greedy heuristic for the set-covering problem},
  author={Chvatal, Vasek},
  journal={Mathematics of operations research},
  volume={4},
  number={3},
  pages={233--235},
  year={1979},
  publisher={INFORMS}
}

@book{bryant2003computer,
  title={Computer systems: a programmer's perspective},
  author={Bryant, Randal and David Richard, O'Hallaron and David Richard, O'Hallaron},
  volume={2},
  year={2003},
  publisher={Prentice Hall Upper Saddle River}
}

@article{papadimitriou2001inference,
  title={Inference of shared risk link groups},
  author={Papadimitriou, Dimitri and Poppe, Fabrice and Jones, Jim and Venkatachalam, Senthil and Dharanikota, Sudheer and Jain, Raj and Hartani, Riad and Griffith, David and Xue, Y},
  journal={IETF Draft, OIF Contribution, OIF},
  volume={66},
  pages={2001},
  year={2001}
}

@article{barabasi2009scale,
  title={Scale-free networks: a decade and beyond},
  author={Barab{\'a}si, Albert-L{\'a}szl{\'o}},
  journal={science},
  volume={325},
  number={5939},
  pages={412--413},
  year={2009},
  publisher={American Association for the Advancement of Science}
}

@misc{al2006coding,
  title={Coding and normalization: The effect of accuracy, simplicity and training time},
  author={Al-Shalabi, L},
  year={2006},
  publisher={RCED}
}

@article{dunn1994comparison,
  title={Comparison of k-shortest paths and maximum flow routing for network facility restoration},
  author={Dunn, D Anthony and Grover, Wayne D and MacGregor, Mike H},
  journal={IEEE Journal on selected areas in Communications},
  volume={12},
  number={1},
  pages={88--99},
  year={1994},
  publisher={IEEE}
}

@article{optimization2012gurobi,
  title={Gurobi optimizer reference manual},
  author={Optimization, Gurobi and others},
  journal={URL: http://www. gurobi. com},
  volume={2},
  pages={1--3},
  year={2012}
}

@inproceedings{kammer2009k,
  title={The k-disjoint paths problem on chordal graphs},
  author={Kammer, Frank and Tholey, Torsten},
  booktitle={International Workshop on Graph-Theoretic Concepts in Computer Science},
  pages={190--201},
  year={2009},
  organization={Springer}
}


@article{kawarabayashi2012disjoint,
  title={The disjoint paths problem in quadratic time},
  author={Kawarabayashi, Ken-ichi and Kobayashi, Yusuke and Reed, Bruce},
  journal={Journal of Combinatorial Theory, Series B},
  volume={102},
  number={2},
  pages={424--435},
  year={2012},
  publisher={Elsevier}
}

@article{trajanovski2015finding,
  title={Finding critical regions and region-disjoint paths in a network},
  author={Trajanovski, Stojan and Kuipers, Fernando A and Ili{\'c}, Aleksandar and Crowcroft, Jon and Van Mieghem, Piet},
  journal={IEEE/ACM Transactions on Networking (TON)},
  volume={23},
  number={3},
  pages={908--921},
  year={2015},
  publisher={IEEE Press}
}

@article{neumayer2011assessing,
  title={Assessing the vulnerability of the fiber infrastructure to disasters},
  author={Neumayer, Sebastian and Zussman, Gil and Cohen, Reuven and Modiano, Eytan},
  journal={IEEE/ACM Transactions on Networking (TON)},
  volume={19},
  number={6},
  pages={1610--1623},
  year={2011},
  publisher={IEEE Press}
}

@article{agarwal2013resilience,
  title={The resilience of WDM networks to probabilistic geographical failures},
  author={Agarwal, Pankaj K and Efrat, Alon and Ganjugunte, Shashidhara K and Hay, David and Sankararaman, Swaminathan and Zussman, Gil},
  journal={IEEE/ACM Transactions on Networking (TON)},
  volume={21},
  number={5},
  pages={1525--1538},
  year={2013},
  publisher={IEEE Press}
}

@inproceedings{taft1999quality,
  title={Quality-of-service routing using maximally disjoint paths},
  author={Taft-Plotkin, Nina and Bellur, Bhargav and Ogier, Richard},
  booktitle={Quality of Service, 1999. IWQoS'99. 1999 Seventh International Workshop on},
  pages={119--128},
  year={1999},
  organization={IEEE}
}
@inproceedings{sprintson2007reliable,
  title={Reliable routing with QoS guarantees for multi-domain IP/MPLS networks},
  author={Sprintson, Alexander and Yannuzzi, Marcelo and Orda, Ariel and Masip-Bruin, Xavier},
  booktitle={INFOCOM 2007. 26th IEEE International Conference on Computer Communications. IEEE},
  pages={1820--1828},
  year={2007},
  organization={IEEE}
}
@article{gao2013domain,
  title={Domain-disjoint routing based on topology aggregation for survivable multidomain optical networks},
  author={Gao, Chengyi and Hasan, Mohammad M and Jue, Jason P},
  journal={Journal of Optical Communications and Networking},
  volume={5},
  number={12},
  pages={1382--1390},
  year={2013},
  publisher={Optical Society of America}
}




@inproceedings{bhandari1994optimal,
  title={Optimal diverse routing in telecommunication fiber networks},
  author={Bhandari, Ramesh},
  booktitle={INFOCOM'94. Networking for Global Communications., 13th Proceedings IEEE},
  pages={1498--1508},
  year={1994},
  organization={IEEE}
}

@inproceedings{bermond2013srlg,
  title={SRLG-diverse routing with the star property},
  author={Bermond, Jean-Claude and Coudert, David and D'Angelo, Gianlorenzo and Moataz, Fatima Zahra},
  booktitle={Design of Reliable Communication Networks (DRCN), 2013 9th International Conference on the},
  pages={163--170},
  year={2013},
  organization={IEEE}
}

@article{coudert2007shared,
  title={Shared risk resource group complexity and approximability issues},
  author={Coudert, David and Datta, Pallab and P{\'e}rennes, St{\'e}phane and Rivano, Herv{\'e} and Voge, M-E},
  journal={Parallel Processing Letters},
  volume={17},
  number={02},
  pages={169--184},
  year={2007},
  publisher={World Scientific}
}

@article{shi1999k,
  title={A k-best paths algorithm for highly reliable communication networks},
  author={Shi-Wei, LEE and Cheng-Shong, WU},
  journal={IEICE transactions on communications},
  volume={82},
  number={4},
  pages={586--590},
  year={1999},
  publisher={The Institute of Electronics, Information and Communication Engineers}
}

@inproceedings{nikolopoulos1997addressing,
  title={Addressing network survivability issues by finding the K-best paths through a trellis graph},
  author={Nikolopoulos, Stavros D and Pitsillides, Andreas and Tipper, David},
  booktitle={INFOCOM'97. Sixteenth Annual Joint Conference of the IEEE Computer and Communications Societies. Driving the Information Revolution., Proceedings IEEE},
  volume={1},
  pages={370--377},
  year={1997},
  organization={IEEE}
}

@article{castanon1990efficient,
  title={Efficient algorithms for finding the K best paths through a trellis},
  author={Castanon, David A},
  journal={IEEE Transactions on Aerospace and Electronic Systems},
  volume={26},
  number={2},
  pages={405--410},
  year={1990},
  publisher={IEEE}
}

@inproceedings{yang2014availability,
  title={Availability-based path selection},
  author={Yang, Song and Trajanovski, Stojan and Kuipers, Fernando A},
  booktitle={Reliable Networks Design and Modeling (RNDM), 2014 6th International Workshop on},
  pages={39--46},
  year={2014},
  organization={IEEE}
}

@article{clouqueur2002availability,
  title={Availability analysis of span-restorable mesh networks},
  author={Clouqueur, Matthieu and Grover, Wayne D},
  journal={IEEE journal on selected areas in communications},
  volume={20},
  number={4},
  pages={810--821},
  year={2002},
  publisher={IEEE}
}

@article{suurballe1974disjoint,
  title={Disjoint paths in a network},
  author={Suurballe, JW},
  journal={Networks},
  volume={4},
  number={2},
  pages={125--145},
  year={1974},
  publisher={Wiley Online Library}
}

@inproceedings{bhandari1997optimal,
  title={Optimal physical diversity algorithms and survivable networks},
  author={Bhandari, Ramesh},
  booktitle={Computers and Communications, 1997. Proceedings., Second IEEE Symposium on},
  pages={433--441},
  year={1997},
  organization={IEEE}
}

@article{itai1982complexity,
  title={The complexity of finding maximum disjoint paths with length constraints},
  author={Itai, Alon and Perl, Yehoshua and Shiloach, Yossi},
  journal={Networks},
  volume={12},
  number={3},
  pages={277--286},
  year={1982},
  publisher={Wiley Online Library}
}
@article{li1990complexity,
  title={The complexity of finding two disjoint paths with min-max objective function},
  author={Li, Chung-Lun and McCormick, S Thomas and Simchi-Levi, David},
  journal={Discrete Applied Mathematics},
  volume={26},
  number={1},
  pages={105--115},
  year={1990},
  publisher={Elsevier}
}

@article{iqbal2015disjoint,
  title={Disjoint paths in networks},
  author={Iqbal, Farabi and Kuipers, Fernando A},
  journal={Wiley Encyclopedia of Electrical and Electronics Engineering},
  year={2015},
  publisher={Wiley Online Library}
}


@article{dijkstra1959note,
  title={A note on two problems in connexion with graphs},
  author={Dijkstra, Edsger W},
  journal={Numerische mathematik},
  volume={1},
  number={1},
  pages={269--271},
  year={1959},
  publisher={Springer}
}
@article{zhou2000survivability,
  title={Survivability in optical networks},
  author={Zhou, Dongyun and Subramaniam, Suresh},
  journal={IEEE network},
  volume={14},
  number={6},
  pages={16--23},
  year={2000},
  publisher={IEEE}
}


@book{sipser2006introduction,
  title={Introduction to the Theory of Computation},
  author={Sipser, Michael},
  volume={2},
  year={2006},
  publisher={Thomson Course Technology Boston}
}

@inproceedings{xu2004finding,
  title={On finding disjoint paths in single and dual link cost networks},
  author={Xu, Dahai and Chen, Yang and Xiong, Yizhi and Qiao, Chunming and He, Xin},
  booktitle={INFOCOM 2004. Twenty-third AnnualJoint Conference of the IEEE Computer and Communications Societies},
  volume={1},
  year={2004},
  organization={IEEE}
}

@article{guo2013finding,
  title={On finding min-min disjoint paths},
  author={Guo, Longkun and Shen, Hong},
  journal={Algorithmica},
  volume={66},
  number={3},
  pages={641--653},
  year={2013},
  publisher={Springer}
}

@article{xu2006complexity,
  title={On the complexity of and algorithms for finding the shortest path with a disjoint counterpart},
  author={Xu, Dahai and Chen, Yang and Xiong, Yizhi and Qiao, Chunming and He, Xin},
  journal={IEEE/ACM Transactions on Networking (TON)},
  volume={14},
  number={1},
  pages={147--158},
  year={2006},
  publisher={IEEE Press}
}
@inproceedings{rostami2007cose,
  title={CoSE: A SRLG-disjoint routing algorithm},
  author={Rostami, Mohammad Javad and Khorsandi, Siavash and Khodaparast, Ali Asghar},
  booktitle={Universal Multiservice Networks, 2007. ECUMN'07. Fourth European Conference on},
  pages={86--92},
  year={2007},
  organization={IEEE}
}
@article{eppstein1998finding,
  title={Finding the k shortest paths},
  author={Eppstein, David},
  journal={SIAM Journal on computing},
  volume={28},
  number={2},
  pages={652--673},
  year={1998},
  publisher={SIAM}
}
@article{rostami2012msdp,
  title={MSDP with ACO: A maximal SRLG disjoint routing algorithm based on ant colony optimization},
  author={Rostami, Mohammad Javad and Zarandi, Azadeh Alsadat Emrani and Hoseininasab, Seyed Mohamad},
  journal={Journal of Network and Computer Applications},
  volume={35},
  number={1},
  pages={394--402},
  year={2012},
  publisher={Elsevier}
}

@article{datta2008graph,
  title={Graph transformation approaches for diverse routing in shared risk resource group (SRRG) failures},
  author={Datta, Pallab and Somani, Arun K},
  journal={Computer Networks},
  volume={52},
  number={12},
  pages={2381--2394},
  year={2008},
  publisher={Elsevier}
}

@book{cormen2009introduction,
  title={Introduction to algorithms},
  author={Cormen, Thomas H},
  year={2009},
  publisher={MIT press}
}

@book{ford2015flows,
  title={Flows in networks},
  author={Ford Jr, Lester Randolph and Fulkerson, Delbert Ray},
  year={2015},
  publisher={Princeton university press}
}

@inproceedings{papadimitriou2001algorithms,
  title={Algorithms, games, and the internet},
  author={Papadimitriou, Christos},
  booktitle={Proceedings of the thirty-third annual ACM symposium on Theory of computing},
  pages={749--753},
  year={2001},
  organization={ACM}
}



@inproceedings{lopez2016role,
  title={The role of SDN in application centric IP and optical networks},
  author={Lopez, Victor and Gran, Jose Manuel and Fernandez-Palacios, Juan Pedro and Siracusa, Domenico and Pederzolli, Federico and Gerstel, Ori and Shikhmanter, Yona and M{\aa}rtensson, Jonas and Sk{\"o}ldstr{\"o}m, Pontus and Szyrkowiec, Thomas and others},
  booktitle={Networks and Communications (EuCNC), 2016 European Conference on},
  pages={138--142},
  year={2016},
  organization={IEEE}
}


@inproceedings{todimala2004imsh,
  title={IMSH: An iterative heuristic for SRLG diverse routing in WDM mesh networks},
  author={Todimala, Ajay and Ramamurthy, Byrav},
  booktitle={Computer Communications and Networks. Proceedings. 13th International Conference on},
  pages={199--204},
  year={2004},
  organization={IEEE}
}

@article{xu2003trap,
  title={Trap avoidance and protection schemes in networks with shared risk link groups},
  author={Xu, Dahai and Xiong, Yizhi and Qiao, Chunming and Li, Guangzhi},
  journal={Journal of Lightwave Technology},
  volume={21},
  number={11},
  pages={2683},
  year={2003},
  publisher={IEEE}
}
@article{hu2003diverse,
  title={Diverse routing in optical mesh networks},
  author={Hu, Jian Qiang},
  journal={IEEE Transactions on Communications},
  volume={51},
  number={3},
  pages={489--494},
  year={2003},
  publisher={IEEE}
}

@inproceedings{li2001fiber,
  title={Fiber span failure protection in mesh optical networks},
  author={Li, Guangzhi and Doverspike, Robert and Kalmanek, Charles},
  booktitle={OptiComm 2001: Optical Networking and Communications Conference},
  pages={130--141},
  year={2001},
  organization={International Society for Optics and Photonics}
}

@article{liu2005approximating,
  title={Approximating optimal spare capacity allocation by successive survivable routing},
  author={Liu, Yu and Tipper, David and Siripongwutikorn, Peerapon},
  journal={IEEE/ACM Transactions on Networking (TON)},
  volume={13},
  number={1},
  pages={198--211},
  year={2005},
  publisher={IEEE Press}
}
