@article{ramakrishna1994performance,
  title={A performance study of hashing functions for hardware applications},
  author={Ramakrishna, M and Fu, E and Bahcekapili, E},
  journal={terminology},
  volume={5},
  pages={8},
  year={1994}
}