@article{yeow2011designing,
  title={Designing and embedding reliable virtual infrastructures},
  author={Yeow, Wai-Leong and Westphal, C{\'e}dric and Kozat, Ulas C},
  journal={ACM SIGCOMM Computer Communication Review},
  volume={41},
  number={2},
  pages={57--64},
  year={2011},
  publisher={ACM}
}
@inproceedings{yu2010survivable,
  title={Survivable virtual infrastructure mapping in a federated computing and networking system under single regional failures},
  author={Yu, Hongfang and Qiao, Chunming and Anand, Vishal and Liu, Xin and Di, Hao and Sun, Gang},
  booktitle={Global Telecommunications Conference (GLOBECOM 2010), 2010 IEEE},
  pages={1--6},
  year={2010},
  organization={IEEE}
}
@inproceedings{chen2010resilient,
  title={Resilient virtual network service provision in network virtualization environments},
  author={Chen, Yang and Li, Jianxin and Wo, Tianyu and Hu, Chunming and Liu, Wantao},
  booktitle={Parallel and Distributed Systems (ICPADS), 2010 IEEE 16th International Conference on},
  pages={51--58},
  year={2010},
  organization={IEEE}
}

@inproceedings{guo2011shared,
  title={Shared backup network provision for virtual network embedding},
  author={Guo, Tao and Wang, Ning and Moessner, Klaus and Tafazolli, Rahim},
  booktitle={Communications (ICC), 2011 IEEE International Conference on},
  pages={1--5},
  year={2011},
  organization={IEEE}
}

@article{rahman2013svne,
  title={SVNE: Survivable virtual network embedding algorithms for network virtualization},
  author={Rahman, Muntasir Raihan and Boutaba, Raouf},
  journal={IEEE Transactions on Network and Service Management},
  volume={10},
  number={2},
  pages={105--118},
  year={2013},
  publisher={IEEE}
}

@inproceedings{rahman2010survivable,
  title={Survivable virtual network embedding.},
  author={Rahman, Muntasir Raihan and Aib, Issam and Boutaba, Raouf},
  booktitle={Networking},
  volume={6091},
  pages={40--52},
  year={2010},
  organization={Springer}
}

@inproceedings{xu2012survivable,
  title={Survivable virtual infrastructure mapping in virtualized data centers},
  author={Xu, Jielong and Tang, Jian and Kwiat, Kevin and Zhang, Weiyi and Xue, Guoliang},
  booktitle={Cloud Computing (CLOUD), 2012 IEEE 5th International Conference on},
  pages={196--203},
  year={2012},
  organization={IEEE}
}

@inproceedings{zegura1996model,
  title={How to model an internetwork},
  author={Zegura, Ellen W and Calvert, Kenneth L and Bhattacharjee, Samrat},
  booktitle={INFOCOM'96. Fifteenth Annual Joint Conference of the IEEE Computer Societies. Networking the Next Generation. Proceedings IEEE},
  volume={2},
  pages={594--602},
  year={1996},
  organization={IEEE}
}

@article{chvatal1979greedy,
  title={A greedy heuristic for the set-covering problem},
  author={Chvatal, Vasek},
  journal={Mathematics of operations research},
  volume={4},
  number={3},
  pages={233--235},
  year={1979},
  publisher={INFORMS}
}

@inproceedings{yu2010survivable,
  title={Survivable virtual infrastructure mapping in a federated computing and networking system under single regional failures},
  author={Yu, Hongfang and Qiao, Chunming and Anand, Vishal and Liu, Xin and Di, Hao and Sun, Gang},
  booktitle={Global Telecommunications Conference (GLOBECOM 2010), 2010 IEEE},
  pages={1--6},
  year={2010},
  organization={IEEE}
}

@techreport{armbrust2009above,
  title={Above the clouds: A berkeley view of cloud computing},
  author={Armbrust, Michael and Fox, Armando and Griffith, Rean and Joseph, Anthony D and Katz, Randy H and Konwinski, Andrew and Lee, Gunho and Patterson, David A and Rabkin, Ariel and Stoica, Ion and others},
  year={2009},
  institution={Technical Report UCB/EECS-2009-28, EECS Department, University of California, Berkeley}
}


@book{bryant2003computer,
  title={Computer systems: a programmer's perspective},
  author={Bryant, Randal and David Richard, O'Hallaron and David Richard, O'Hallaron},
  volume={2},
  year={2003},
  publisher={Prentice Hall Upper Saddle River}
}

@article{harary1996node,
  title={Node fault tolerance in graphs},
  author={Harary, Frank and Hayes, John P},
  journal={Networks},
  volume={27},
  number={1},
  pages={19--23},
  year={1996},
  publisher={Wiley Online Library}
}

@article{ullmann1976algorithm,
  title={An algorithm for subgraph isomorphism},
  author={Ullmann, Julian R},
  journal={Journal of the ACM (JACM)},
  volume={23},
  number={1},
  pages={31--42},
  year={1976},
  publisher={ACM}
}

@book{schrijver1998theory,
  title={Theory of linear and integer programming},
  author={Schrijver, Alexander},
  year={1998},
  publisher={John Wiley \& Sons}
}

@book{cormen2009introduction,
  title={Introduction to algorithms},
  author={Cormen, Thomas H},
  year={2009},
  publisher={MIT press}
}

@book{west2001introduction,
  title={Introduction to graph theory},
  author={West, Douglas Brent and others},
  volume={2},
  year={2001},
  publisher={Prentice hall Upper Saddle River}
}

@article{bressoud1996hypervisor,
  title={Hypervisor-based fault tolerance},
  author={Bressoud, Thomas C and Schneider, Fred B},
  journal={ACM Transactions on Computer Systems (TOCS)},
  volume={14},
  number={1},
  pages={80--107},
  year={1996},
  publisher={ACM}
}

@inproceedings{cully2008remus,
  title={Remus: High availability via asynchronous virtual machine replication},
  author={Cully, Brendan and Lefebvre, Geoffrey and Meyer, Dutch and Feeley, Mike and Hutchinson, Norm and Warfield, Andrew},
  booktitle={Proceedings of the 5th USENIX Symposium on Networked Systems Design and Implementation},
  pages={161--174},
  year={2008},
  organization={San Francisco}
}

@inproceedings{clark2005live,
  title={Live migration of virtual machines},
  author={Clark, Christopher and Fraser, Keir and Hand, Steven and Hansen, Jacob Gorm and Jul, Eric and Limpach, Christian and Pratt, Ian and Warfield, Andrew},
  booktitle={Proceedings of the 2nd Conference on Symposium on Networked Systems Design \& Implementation-Volume 2},
  pages={273--286},
  year={2005},
  organization={USENIX Association}
}

@inproceedings{wang2008virtual,
  title={Virtual routers on the move: live router migration as a network-management primitive},
  author={Wang, Yi and Keller, Eric and Biskeborn, Brian and van der Merwe, Jacobus and Rexford, Jennifer},
  booktitle={ACM SIGCOMM Computer Communication Review},
  volume={38},
  number={4},
  pages={231--242},
  year={2008},
  organization={ACM}
}
@article{yeow2011designing,
  title={Designing and embedding reliable virtual infrastructures},
  author={Yeow, Wai-Leong and Westphal, C{\'e}dric and Kozat, Ulas C},
  journal={ACM SIGCOMM Computer Communication Review},
  volume={41},
  number={2},
  pages={57--64},
  year={2011},
  publisher={ACM}
}


@inproceedings{bhandari1994optimal,
  title={Optimal diverse routing in telecommunication fiber networks},
  author={Bhandari, Ramesh},
  booktitle={INFOCOM'94. Networking for Global Communications., 13th Proceedings IEEE},
  pages={1498--1508},
  year={1994},
  organization={IEEE}
}

@article{coudert2007shared,
  title={Shared risk resource group complexity and approximability issues},
  author={Coudert, David and Datta, Pallab and P{\'e}rennes, St{\'e}phane and Rivano, Herv{\'e} and Voge, M-E},
  journal={Parallel Processing Letters},
  volume={17},
  number={02},
  pages={169--184},
  year={2007},
  publisher={World Scientific}
}
@inproceedings{xu2002ultra,
  title={An ultra-fast shared path protection scheme-distributed partial information management, Part II},
  author={Xu, Dahai and Qiao, Chunming and Xiong, Yizhi},
  booktitle={Network Protocols, 2002. Proceedings. 10th IEEE International Conference on},
  pages={344--353},
  year={2002},
  organization={IEEE}
}
@inproceedings{sebos2001auto,
  title={Auto-discovery of shared risk link groups},
  author={Sebos, Panagiotis and Yates, Jennifer and Hjalmtysson, Gisli and Greenberg, Albert},
  booktitle={Optical Fiber Communication Conference and Exhibit, 2001. OFC 2001},
  volume={3},
  pages={WDD3--WDD3},
  year={2001},
  organization={IEEE}
}
